2894 4928
184 268 234 345 4⁰

184 469 336 544 lagonlsta
375 467 583 543 conjunctum,
615 485 673 528 nec
707 475 808 529 tamen
840 486 923 546 quae
950 471 1185 548 intemperanter
1215 474 1269 533 vel

182 573 294 649 injuste
314 581 384 633 sunl
408 575 489 635 dicta
516 576 564 634 vel
587 576 668 633 lacta
688 579 832 634 coercere
859 583 890 636 et
910 579 1100 654 exprobrare
1121 577 1268 638 desinen-

183 687 251 741 tem.
278 679 394 741 Deinde
415 680 589 755 Hartungus
617 679 754 740 similiter
782 698 819 741 ac
847 680 1016 744 scholiasta
1049 690 1155 744 censet
1175 698 1268 760 pere-

182 786 299 862 grinum
319 784 478 846 induxisse
492 785 620 846 chorum
635 784 819 862 Euripidem,
837 796 871 848 ul
883 797 992 865 posset
1004 789 1145 850 liberiore
1161 789 1268 850 animo

182 891 336 951 derebus
359 891 509 966 cogitare,
532 891 707 966 praesentia
728 908 913 969 componere
928 895 1109 971 praeteritis,
1131 909 1264 954 caussas

182 994 404 1067 demonstrare,
436 997 537 1056 exitus
571 998 763 1074 prospicere,
805 999 866 1058 alia
896 998 1049 1074 ejnsmodi
1080 1001 1117 1060 cl.
1137 999 1171 1070 Il,
1192 997 1265 1061 447.

182 1102 236 1164 Cui
259 1118 356 1163 ausus
387 1103 444 1162 sim
473 1118 630 1179 opponere
658 1103 720 1165 hoc
749 1120 810 1165 non
831 1119 904 1165 esse
925 1121 965 1165 ex
995 1121 1081 1166 more
1101 1105 1265 1183 Euripidis,

183 1224 275 1286 quern
299 1208 371 1268 alibi
392 1207 536 1269 videmus
557 1209 865 1271 chorumettlnxlsse
887 1218 984 1271 toturn
1004 1211 1035 1270 in
1057 1213 1150 1273 rebus
1172 1213 1267 1288 quasi

181 1315 366 1376 haerentem.
391 1312 543 1390 Equidem
565 1322 627 1376 tres
640 1316 743 1376 habeo
765 1330 888 1386 causas,
908 1331 961 1375 eur
983 1318 1114 1392 potuerit
1135 1317 1265 1379 chorum

183 1422 374 1499 peregrinum
395 1419 557 1481 inducere:
580 1427 633 1482 aut
655 1419 750 1480 voluit
769 1419 905 1481 novitate
926 1421 970 1482 rei
991 1421 1180 1499 habitusque
1200 1424 1267 1483 vir·

181 1529 284 1605 girum
313 1525 554 1587 Phoenissarum
593 1526 760 1596 delectare,
803 1535 856 1586 aut
892 1529 990 1589 noluit
1011 1528 1144 1589 eundem
1171 1545 1267 1605 quem

180 1634 356 1711 Aeschylus
379 1631 408 1691 in
431 1631 514 1708 Sept.
537 1647 562 1692 c.
584 1631 640 1692 rh.
658 1631 812 1704 inducere,
835 1632 866 1692 id
887 1633 975 1709 quod
996 1650 1056 1693 non
1079 1634 1267 1695 omnivori-

181 1740 252 1802 tatis
274 1739 379 1816 speeie
401 1746 496 1811 caret,
525 1739 678 1817 siquidem
706 1739 833 1817 saepius
854 1746 885 1800 et
915 1740 1010 1800 rebus
1027 1738 1263 1817 tabularumque

181 1845 404 1922 compositione
426 1852 456 1905 et
476 1845 583 1906 verbis
604 1846 756 1918 corrigere
778 1845 895 1905 studuit
914 1845 1113 1920 Aeschylum,
1134 1851 1189 1904 aut
1208 1846 1265 1906 db*

179 1949 288 2025 nique,
311 1946 395 2023 quod
416 1945 491 2004 mihi
512 1947 634 2008 videtur
656 1950 718 2009 veri
741 1949 939 2020 simillimum,
971 1965 1010 2008 ea
1032 1967 1112 2027 quae
1134 1948 1262 2012 chorum

179 2055 275 2117 voluit
296 2054 528 2130 proloquentem
551 2052 666 2125 lacere,
697 2071 758 2114 non
781 2061 921 2130 poterant
941 2071 962 2114 a
982 2055 1158 2117 mulieribus
1180 2057 1262 2116 The.

178 2161 268 2221 banis
303 2158 498 2236 pronuntiari.
540 2158 658 2220 Etenim
680 2160 742 2220 lere
771 2160 873 2220 omnia
894 2159 1017 2219 tabulae
1045 2161 1174 2220 stasima
1194 2162 1264 2236 epi-¹

179 2280 284 2325 corum
316 2279 402 2325 more
429 2271 500 2324 sunt
528 2266 723 2325 conformata
773 2263 902 2322 Narrant
929 2270 1032 2322 autern
1062 2264 1257 2338 antiquitates

179 2369 357 2439 Thebanae,
389 2368 473 2443 quod
505 2384 599 2442 quam
620 2384 680 2426 non
714 2365 875 2427 conveniat
889 2364 1080 2424 :mulieribus
1102 2364 1263 2429 Thebanis

177 2472 264 2534 urbis
284 2473 314 2531 in
335 2487 455 2532 summo
470 2472 605 2547 periculo
624 2476 654 2530 el
669 2471 747 2548 ipsis
770 2467 1002 2546 trepidantibus,
1024 2472 1101 2532 satis
1119 2477 1256 2547 apparet

177 2577 315 2639 Necesse
333 2577 427 2659 igitur
448 2584 513 2637 erat
539 2578 716 2655 peregrinas
738 2591 912 2648 arcessere,
940 2575 1054 2652 quibus
1076 2593 1146 2637 eam
1167 2577 1259 2637 animi

178 2683 422 2760 tranquillitatem
443 2699 524 2762 quae
546 2690 594 2745 est
621 2685 772 2746 narrantis
794 2684 929 2744 tribuere
949 2690 1077 2744 naturae
1098 2688 1164 2743 erat
1186 2698 1260 2744 eon·

177 2790 313 2853 veniens.
363 2790 426 2850 Sed
459 2791 665 2868 quodcunque
694 2791 819 2862 idest,
852 2808 913 2866 quo
941 2790 1052 2850 ductus
1081 2788 1259 2864 peregrinas

179 2896 321 2957 mulieres
337 2896 441 2956 lecerit
462 2897 659 2971 prodeuntes,
681 2895 742 2958 hoc
763 2902 817 2957 est
831 2903 954 2968 certum,
975 2895 1150 2972 Euripidem
1173 2911 1259 2955 aso-

177 3002 229 3062 lito
251 3007 411 3078 poetarum
433 3019 518 3063 more
540 3004 720 3074 aberrasse,
749 3019 811 3079 quo
833 3004 937 3080 alique
957 3009 1059 3062 tamen
1082 3000 1168 3062 chori
1189 3017 1260 3060 cum

177 3108 389 3185 protegeniste
410 3105 582 3166 intercessit
603 3106 784 3181 conjunctio.
827 3108 901 3168 Inde
920 3107 1067 3184 sequitur,
1088 3113 1122 3167 ul
1144 3105 1259 3167 chorus

177 3212 343 3272 fortuito
370 3210 515 3288 prodiens
538 3213 723 3288 non-possit
752 3219 825 3289 apte
860 3229 928 3273 cum
959 3213 1065 3273 fabula
1084 3212 1263 3273 cohaerere..

177 3316 279 3395 Atque
292 3315 468 3394 Euripidem
489 3317 551 3379 hoe
573 3319 712 3380 sensisse
734 3335 774 3379 err
789 3319 913 3394 paredo
930 3318 1102 3378 certissime
1124 3317 1193 3377 licet
1213 3317 1261 3377 in-

179 3424 329 3499 telligere,
364 3425 417 3483 ubi
445 3425 559 3485 chorus
588 3441 624 3485 se
651 3425 741 3500 quasi
771 3430 902 3484 excusat
928 3425 1113 3500 longamque
1141 3423 1192 3483 de·
1205 3423 1260 3484 ad·

177 3533 289 3586 ventus
308 3543 404 3587 causa
421 3529 521 3605 deque
539 3530 637 3606 patria
653 3545 711 3590 sua
728 3528 857 3589 instituit
873 3528 1055 3600 sermonem,
1077 3547 1170 3607 quarn
1187 3547 1259 3591 esse

178 3632 293 3693 Thebis
325 3641 486 3709 cognatam
526 3644 703 3713 propterea,
730 3635 867 3712 opinor,
903 3634 1006 3705 affert,
1046 3651 1086 3694 ne
1117 3635 1260 3695 miremur

179 3737 305 3799 chorum
327 3741 518 3815 peregrinum
547 3742 586 3801 de
614 3742 734 3802 alienis
749 3741 844 3801 rebus
864 3747 1023 3817 tamquam
1049 3740 1088 3800 de
1115 3740 1181 3800 suis
1203 3739 1261 3801 do-

177 3845 297 3903 lentem.
341 3844 405 3905 Sed
425 3845 477 3906 hic
496 3847 584 3907 locus
606 3847 847 3924 aplusvidelur,
869 3862 933 3923 quo
956 3846 994 3917 de
1016 3862 1103 3906 more
1123 3845 1264 3922 quodam·

176 3949 330 4027 Euripidis
353 3952 509 4028 plerisque
529 3951 640 4013 sabulis
668 3954 840 4030 ‘conspicuo
863 3953 973 4029 paucis
994 3968 1156 4028 exponam.
1176 3953 1260 4012 «lle-

179 4057 258 4116 eedit
280 4058 359 4117 enim
389 4056 701 4134 amore.Sopboclis
720 4058 824 4120 ehoro
847 4057 1008 4135 prodeunti
1033 4059 1119 4118 nulla
1137 4058 1263 4118 decri·¹

180 4162 249 4236 gine
271 4179 342 4234 sua,
364 4162 569 4224 decrivemus
591 4180 688 4225 causa
706 4163 985 4234 verba-tribuentis,
1008 4163 1160 4240 siquidem
1180 4161 1265 4223 haec·-
