2894 4928
1167 314 1213 396 m

253 560 256 565 ·
299 525 627 613 mtelmtntletttdpcn,
649 514 936 608 tietgaudum*
955 520 1040 555 ·'·‘
1077 564 1080 569 ι
1128 548 1141 569 ι’

300 633 443 705 Eennodt
463 631 618 715 thetpicit
638 629 707 714 nto
730 631 779 697 cla
800 629 968 706 illectant·⁴
1032 622 1036 631 ’
1074 640 1078 647 ’
1144 644 1161 673 -·
1199 624 1213 659 ³·

301 742 414 824 mnne
435 737 745 822 somnolentiam
770 729 932 821 primaten,
980 766 983 777 ·
1071 734 1073 739 “

277 908 279 912 ⁴
302 847 357 915 Eo
377 845 417 926 tdr
442 842 543 929 etitttt
562 843 634 926 mat
655 855 710 910 rot
731 839 845 925 docco
861 840 993 926 [docos
1049 836 1052 841 ’
1134 854 1138 863 ·

224 952 227 957 '
301 952 382 1019 Eat
404 952 444 1035 lm
467 949 802 1034 toconentccauatt
822 944 883 1015 out
906 945 1077 1031 petatem·

219 1063 310 1122 Tales
340 1053 486 1121 affectus
509 1065 579 1120 sunt
614 1057 773 1134 tragoedia
804 1047 1001 1134 dignissimi·
1055 1055 1149 1115 Porro
1185 1054 1216 1113 in

136 1167 288 1246 Aeschyli
305 1164 468 1228 Persarum
490 1165 608 1243 parodo
630 1182 660 1225 v.
681 1160 730 1226 93.
752 1154 786 1224 et*
803 1165 938 1241 saepiae,
962 1177 1053 1239 quem
1074 1167 1215 1222 nontam

139 1281 213 1351 gunt
235 1275 284 1334 illa
306 1273 344 1333 de
365 1273 486 1333 interitu
507 1271 660 1333 exercitus
683 1270 853 1348 praedicta,
876 1262 1065 1344 summoque*
1082 1267 1216 1329 alliciunt

138 1381 234 1442 metu!
276 1379 352 1440 Nam
374 1380 432 1439 etsi
455 1379 585 1449 scimus,
618 1378 657 1437 ab
679 1376 836 1454 Aeschylo
858 1383 892 1436 ut
911 1367 1013 1436 renim
1033 1375 1216 1436 mirabilium

137 1488 278 1549 studioso
301 1492 478 1562 spectantes
501 1479 627 1560 saepius
654 1484 887 1560 obstupefactos
910 1496 982 1542 esse
1003 1475 1216 1542 novitatemi-

136 1594 231 1654 raouli
252 1625 292 1637 -
320 1591 351 1649 id
381 1589 466 1667 quod
496 1588 720 1665 Aristophanes
752 1591 782 1650 in
810 1591 885 1650 Itan.
917 1606 945 1647 v.
968 1583 1215 1665 ate-tersae

137 1697 357 1759 venustissime
378 1689 553 1772 perstringit
573 1727 616 1740 -
637 1702 670 1756 et³
687 1696 825 1757 horrore
846 1686 919 1756 esse
940 1695 1097 1771 perfusos,
1119 1686 1218 1753 'velut

140 1821 234 1880 quum
255 1800 440 1863 Eumenides
468 1801 499 1861 in
521 1816 647 1861 scenam
668 1793 835 1877 prodirent,
852 1792 965 1861 tamen?
977 1814 1136 1875 nunquam
1156 1800 1218 1858 lere

137 1909 286 1986 neglexit,
308 1908 340 1969 id
362 1905 447 1983 quod
469 1907 653 1983 saepissime
674 1906 851 1983 Euripides,
884 1906 993 1982 paucis
1014 1905 1054 1965 ad
1078 1918 1217 1981 eaquae

139 2021 310 2093 sequuntur
331 2012 492 2074 advertere
506 2019 626 2074 mentes
640 2013 835 2083 audientium,
858 2011 938 2072 sicut
952 2006 1219 2087 ipsarum-uomet

139 2120 243 2183 nidum
265 2119 419 2178 introitum
441 2126 470 2177 et
492 2118 522 2176 in
544 2117 604 2177 fine
626 2116 878 2194 Choephon'orum
901 2125 931 2178 et
952 2118 982 2177 in
1002 2118 1086 2178 initio
1105 2117 1218 2179 Eume-

141 2223 244 2284 nidum
276 2219 466 2298 significavit.
510 2222 635 2282 Multum
659 2229 776 2292 autem·
801 2225 928 2300 prodest
946 2218 1109 2299 'provisio'
1127 2217 1218 2283 animi

141 2318 171 2389 et
193 2328 387 2406 praeparatio
409 2328 450 2389 ad
472 2328 669 2388 minuendum
689 2329 740 2388 vel
756 2315 892 2390 dolorem
914 2330 965 2388 vel
978 2334 1108 2389 metum:
1131 2318 1219 2403 Quod

140 2433 214 2511 quin
236 2432 408 2509 Sophocles
431 2436 631 2510 perspexerit,
657 2435 709 2512 qui
731 2435 888 2495 nihiltarn
911 2420 1220 2512 cautex'itat‘quan't

140 2555 221 2615 quae
241 2540 335 2600 nimia
358 2547 441 2612 sunt,
464 2540 534 2617 quis
556 2539 682 2602 dubitat.
717 2528 809 2602 Multi
832 2532 933 2602 autem
956 2547 1026 2602 sunt
1047 2541 1106 2601 loci
1130 2556 1222 2618 ptaeu

139 2634 191 2702 ter'
205 2643 309 2719 AJacis
332 2640 488 2721 parodu'm'.
531 2645 668 2707 Electrae
691 2649 770 2708 enlm
803 2646 911 2723 parodi
933 2645 1042 2706 eadem
1064 2655 1111 2708 est
1132 2639 1218 2709 ratio.

140 2766 168 2807 u
191 2745 253 2811 465
275 2765 340 2826 seq.
384 2750 461 2811 Tum
483 2753 514 2811 in
536 2751 610 2812 Oed.
632 2755 666 2813 rt.
689 2772 717 2813 v.
735 2744 798 2815 883
820 2768 885 2829 seq.
914 2743 1071 2814 locastam
1094 2744 1220 2832 propter

139 2853 232 2931 impie
254 2855 335 2916 dicta
357 2872 476 2933 poenas
499 2872 570 2919 esse
593 2857 762 2920 subituram
784 2858 905 2920 indicat.
948 2857 990 2916 Gl.
1013 2857 1152 2934 ejusdem
1172 2852 1219 2920 la·¹

138 2960 523 3039 bulaeuitli3-10753
555 2961 682 3038 Ajacem
703 2960 780 3035 229,
806 2961 877 3026 583.
926 2963 1025 3039 Antig.
1049 2952 1135 3028 1091
1152 2981 1217 3050 seq.

142 3061 230 3127 1251.
272 3067 335 3127 Nec
357 3082 412 3143 per
435 3068 561 3131 chorum
593 3071 693 3129 solum
721 3083 822 3130 rerum
854 3070 1023 3130 suturarum
1054 3070 1219 3134 adventurn

140 3163 302 3245 praedicit,
333 3173 503 3234 sedetiam
526 3173 770 3252 quaeDeJ'anira
800 3177 831 3236 in
861 3177 967 3253 primis
991 3167 1219 3239 Trachiniarum

139 3277 282 3339 versibus
314 3280 536 3356 praeloquitur,
576 3282 693 3342 tristem
729 3280 851 3343 tabulae
890 3283 1004 3343 exitum
1038 3271 1217 3358 significant.

138 3381 222 3444 Haec
245 3384 347 3445 omnia
359 3383 533 3460 Sophocles
555 3403 624 3446 eam
646 3389 685 3448 oh
701 3405 829 3449 causam
852 3379 1052 3459 ita'instituit
1074 3395 1107 3450 ut
1121 3394 1219 3451 terro-

140 3502 212 3561 rem,
234 3505 327 3565 quem
343 3491 443 3567 ipsius
458 3492 640 3553 calamitatis
658 3486 808 3555 adventus
825 3508 930 3554 secum
955 3495 1104 3555 allaturus
1123 3502 1217 3568 esset,

141 3590 335 3668 diminueret;
357 3613 428 3657 nam
452 3598 535 3675 quod
548 3600 631 3674 apud
648 3598 825 3660 Ciceronem
846 3600 877 3660 in
893 3600 1014 3675 Quaest.
1034 3591 1155 3663 Tuscul.
1172 3602 1219 3675 lll,·

141 3693 304 3773 integere
327 3715 375 3759 me
397 3704 527 3774 memini,
547 3704 779 3779 praemeditatio
802 3708 968 3766 futurorum
986 3698 1135 3769 malorum
1147 3710 1219 3770 lenit

140 3816 244 3864 eorum
267 3804 447 3880 adventum,
480 3826 561 3886 quae
587 3811 740 3870 venientia
772 3812 862 3886 longe
885 3819 954 3872 ante
975 3813 1098 3874 videris.
1142 3815 1219 3889 Quid

140 3911 234 3970 vero?
262 3927 335 3972 num
357 3914 387 3974 id
409 3922 526 3975 tantum
549 3918 625 3992 egit,
653 3924 686 3977 ut
707 3919 788 3976 mala
810 3918 955 3994 aequiore
978 3918 1078 3980 animo
1098 3912 1220 3981 videress

140 4015 231 4072 musi
253 4018 345 4079 immo
368 4037 407 4080 ne
420 4022 607 4083 laetissimas
631 4024 753 4099 quidem
775 4040 826 4084 res
842 4023 975 4099 objicere
992 4026 1088 4086 voluit
1109 4042 1219 4102 repeni

140 4119 228 4179 tinas.
270 4121 450 4202 Exemplum
472 4127 600 4203 praebet
621 4129 803 4201 Philocteta,
830 4148 910 4208 quae
932 4132 1036 4192 sabula
1057 4148 1113 4207 per
1135 4146 1220 4194 sum*-

141 4243 208 4288 mas
237 4228 379 4291 miserias
412 4233 451 4292 ad
480 4235 594 4294 laetum
615 4250 716 4296 rerum
750 4237 863 4298 exitum
892 4238 1075 4313 perducitur.
1132 4240 1218 4315 Quod
