2894 4928
1167 317 1214 411 11

139 540 248 605 parare
264 525 422 602 sequentis
450 523 631 585 calamitatis
654 523 852 586 atrocitatem.
881 519 1121 599 immunitato
1135 515 1216 596 Shiz

141 633 335 710 kaspearium
363 629 473 701 movit,
504 636 537 691 ut
571 631 778 707 grauissimis-
794 629 1074 705 tabutisaercque
1098 624 1216 703 tragicp

140 738 287 811 cothurno
322 735 563 812 ingredientibus
598 737 783 797 immisceret
817 735 930 807 hilares
952 735 1045 797 illos·
1064 729 1216 809 Falstatlii

140 847 330 920 odorumque
346 837 459 918 jocos¹
490 841 557 903 Non
580 843 674 913 enim,
707 849 741 915 ut
761 858 869 903 smnus
891 838 1050 914 mortales,
1071 835 1217 913 exhauris

139 969 224 1023 urus,
239 965 328 1027 ,quae
351 947 466 1009 affatim
488 947 597 1008 dantur
619 947 824 1021 acerbanisi
845 948 935 1023 dulce
950 941 1216 1037 quiddaminptib

138 1057 260 1123 lanais.
304 1054 366 1115 Sed
391 1061 425 1114 ut
452 1053 575 1114 redeam
603 1053 643 1113 ad
672 1051 939 1116 Schneidewinum
967 1053 1057 1115 haec·
1080 1049 1216 1124 carmina

140 1163 210 1225 iden
233 1178 305 1224 csse
326 1160 505 1236 interposita
526 1165 726 1232 statuentem,
754 1166 788 1223 nt
808 1161 966 1231 calamitas
994 1159 1093 1234 magis
1116 1160 1217 1231 exstet

54 1316 56 1321 -
141 1275 235 1346 atque
257 1269 386 1329 emineat
416 1298 457 1313 -
480 1266 564 1331 illum
585 1264 786 1342 Sophoclem,
819 1265 966 1343 quinilril
993 1273 1055 1326 tam
1076 1261 1217 1353 studiosa

140 1375 229 1450 lugit,
250 1390 343 1450 quam
366 1373 450 1450 quod
471 1372 596 1434 nimium
619 1379 682 1444 est,
704 1370 757 1448 qui
779 1371 980 1437 acerbissima
1001 1384 1144 1451 quaeque
1160 1366 1217 1439 mia

138 1481 213 1557 ligat
234 1479 445 1549 suavissimis,
482 1479 524 1539 ita
551 1484 584 1538 ut
604 1478 777 1554 Antigonae
796 1475 997 1554 Electraeque
1017 1475 1217 1554 asperitatem

137 1592 286 1662 temperet
304 1589 466 1645 venumatc
492 1583 632 1645 Ismenae
659 1589 689 1643 ct
711 1582 990 1661 Chrysothemidis,
1040 1590 1075 1645 ut
1096 1579 1216 1665 Oedipo

137 1689 224 1764 Regi
237 1687 362 1755 effossis
381 1689 478 1751 oculs
499 1688 591 1751 foedo
607 1695 779 1751 tenerorum
800 1690 970 1766 puellarum
983 1689 1132 1766 praebeat
1151 1702 1217 1749 auo

138 1795 286 1870 plexum,
298 1802 331 1857 ut
351 1793 525 1869 Deianiram
546 1800 576 1855 et
589 1794 763 1871 Eurydicen
784 1801 885 1856 mutas
908 1796 1002 1859 iaciat
1020 1791 1216 1864 decedentes,

137 1912 177 1967 ne
199 1900 301 1965 nimiis
321 1900 458 1977 querelis
478 1899 614 1960 crucient
633 1904 839 1975 spectatorem
860 1900 1115 1976 satissagitatum,
1135 1899 1219 1963 illum

136 2005 228 2080 igitur
243 2006 385 2068 voluisse
406 2003 455 2065 his
471 2004 656 2067 carminibus
673 2021 788 2080 augere
809 2005 934 2073 modum
948 2007 1100 2079 tristitiae,
1122 2020 1217 2083 quum

34 2179 40 2187 .
138 2125 261 2185 semper
293 2116 398 2177 tenere
426 2111 551 2171 modum
573 2128 666 2188 quam
695 2111 845 2173 excedere
865 2113 963 2186 malit,
993 2130 1055 2174 non
1073 2111 1217 2187 intelligo,

140 2212 213 2277 iilud
233 2230 323 2287 vero,
355 2213 528 2292 quodipse
557 2218 786 2292 proposuerim,
814 2216 888 2278 milri
915 2217 1036 2279 uidetur
1062 2231 1136 2279 vere
1157 2214 1216 2276 Soa

139 2317 318 2394 labeslaum,
340 2336 414 2381 vere
436 2320 595 2383 Graccum.
632 2322 715 2396 dam,
737 2321 860 2399 opinor,
889 2324 998 2399 colligi,
1011 2328 1128 2400 potest,
1149 2336 1217 2401 >noo

137 2424 206 2494 ,siue
227 2424 331 2502 aliquo
356 2421 428 2500 jure
448 2442 498 2489 me
530 2443 625 2504 supra
653 2429 815 2500 statuisse,
841 2427 927 2491 chori
950 2428 1217 2506 Sophoclei‚‚esst

136 2525 174 2593 aa*
196 2527 394 2613 μετριάζειν.
438 2531 573 2607 Quatuor
600 2541 726 2607 antem,
752 2551 831 2612 quas
854 2541 944 2610 autea
975 2535 1054 2609 dixi,
1085 2535 1217 2609 tabulae,

137 2632 303 2710 inquibus
333 2637 395 2701 hoc
418 2639 584 2701 carminum
618 2657 716 2716 genus
738 2640 904 2716 invenitur,-
936 2650 1007 2715 sunt
1022 2640 1216 2722 ‘Trachiniaa

102 2712 198 2825 3614
219 2756 300 2817 seq,
322 2742 402 2818 ajax
422 2741 601 2817 coaeum,
630 2746 767 2823 ccupas
788 2748 856 2815 aaa
878 2744 1109 2819 lassesco,
1130 2746 1217 2811 Anu,

137 2861 220 2920 gone
244 2809 458 2912 ilii-1152.
504 2849 672 2928 (Suspicor
687 2852 803 2915 Bacchi
823 2852 932 2914 laudes
954 2853 1027 2929 ideo
1047 2869 1120 2921 esse
1141 2852 1216 2929 injevj

135 2956 201 3012 ctas
224 2951 252 3011 in
275 2951 325 3014 his
348 2957 554 3028 comminue,
574 2973 612 3017 nc
640 2958 795 3017 videretur
816 2964 908 3033 pocta
929 2958 1033 3031 deum,
1057 2956 1150 3034 crpus
1167 2966 1215 3033 est

134 3053 300 3129 theatrum,
323 3058 474 3136 cujusque
495 3063 564 3137 ipsc
586 3068 633 3134 est
655 3061 800 3135 minister,
821 3064 1004 3139 neglexisse.
1037 3065 1213 3140 Quereban-

133 3165 182 3221 tur
196 3161 283 3233 enim,
305 3169 338 3222 ut
355 3166 550 3240 proverbium
567 3167 640 3228 illud
654 3173 791 3243 testatur,
813 3159 913 3233 οὐδὲν
928 3165 1013 3252 πρὸς
1024 3168 1212 3248 Διόνυσον,

133 3265 182 3331 dci
203 3267 233 3327 in
249 3266 336 3343 cujus
357 3269 428 3331 latis
443 3270 597 3335 imitandis
608 3275 816 3354 laudibusque
829 3277 1016 3340 exornandis
1034 3285 1098 3341 tcta
1109 3279 1213 3355 primo

131 3373 315 3437 versabatur
335 3375 528 3450 traegoedia,
567 3388 678 3454 postea
699 3385 812 3443 millam
834 3383 899 3449 iere
925 3382 1004 3444 fieri·
1019 3386 1212 3461 mentionem.

132 3479 220 3552 Quod
235 3481 266 3543 in
279 3481 393 3543 crimen
408 3497 446 3542 ne
462 3482 576 3547 incidat
592 3501 693 3561 neque
709 3485 758 3546 dci
775 3487 916 3549 videatur
933 3488 1093 3564 negligens
1109 3497 1212 3567 pocta¹

133 3597 195 3657 qua
216 3590 410 3660 estsumma
425 3589 553 3665 pictate,
575 3590 733 3660 Bacchum
754 3593 804 3657 his
826 3594 903 3657 locis
927 3595 1069 3658 celebrat.
1099 3596 1211 3672 Quam,

132 3704 225 3764 quarn
247 3706 308 3751 non
330 3708 418 3768 nego,
460 3694 619 3759 Bacchum
640 3700 778 3763 invocari
799 3708 832 3762 ut
849 3699 1024 3768 Thebarum
1040 3711 1211 3780 patronum,

130 3795 223 3857 rebus
247 3812 319 3858 esse
352 3800 699 3880 convenientissimum.)
740 3805 787 3866 Ex
806 3804 903 3881 Ajacc
931 3825 1025 3874 unum
1058 3811 1210 3886 reliquum

131 3907 178 3960 est
199 3901 320 3975 afferre,
348 3922 418 3964 nam
448 3908 551 3968 omnia
579 3911 713 3972 omnium
736 3912 907 3975 tabidarum
935 3913 1055 3975 cantica
1075 3922 1211 3989 pertrac-

131 4009 195 4063 tare
206 4023 261 4079 per
273 4007 366 4085 hujus
380 4010 605 4077 dissertationis
620 4015 697 4079 fines
712 4034 773 4077 non
789 4018 859 4087 licet
872 4053 885 4063 -
900 4034 1011 4079 versus
1027 4017 1208 4095 altaalta

129 4107 175 4168 De
197 4108 234 4169 iis
256 4113 350 4186 enim,
381 4117 496 4192 quibus
526 4118 611 4181 chori
640 4121 707 4187 dux
725 4123 881 4199 dialogum
895 4126 1088 4202 ,interpellem
1117 4129 1209 4190 miror

133 4215 324 4292 Hammeum
344 4221 386 4281 ita
407 4231 556 4318 statuere,
579 4227 669 4303 quasi
691 4216 857 4321 sirrtnibili
879 4232 1087 4303 aestimanda:
1108 4277 1114 4289 .-
1130 4234 1210 4299 Dicit
