2894 4928
244 298 291 377 to

242 509 360 575 merum
383 496 637 574 descriptionem,
660 500 690 561 in
712 516 774 578 qna
795 518 890 579 quum
911 517 966 579 per
987 501 1066 569 duas
1082 501 1229 580 strophas
1252 521 1323 568 ver-

243 609 330 665 satus
353 603 405 675 sit,
436 603 597 682 deseendit
618 607 730 667 loetum
751 607 865 669 exitum
887 608 1120 685 praenuncians.
1162 609 1323 673 Suitieiant

241 705 320 770 haee
343 709 382 771 ud
405 717 501 777 artem
523 712 779 790 perspiciendam,
801 732 864 792 qna
881 715 1055 792 Sophodos
1077 714 1166 778 eheri-
1184 717 1319 780 earmina

242 817 457 893 composuerit
499 817 566 880 Hoc
597 835 672 881 sane
694 837 785 898 spero
808 822 872 883 iore
895 828 1032 901 apertum
1054 822 1167 885 choros
1196 823 1320 901 sopho·

243 922 328 1007 deas
350 924 504 987 continere
525 932 619 1003 atque
647 927 781 989 intense
809 927 939 990 miseere
966 930 1133 991 sententias
1155 929 1318 992 universas
1362 958 1365 971 ·

242 1035 272 1095 et
292 1028 414 1105 singula
436 1047 517 1107 quoe
544 1033 575 1096 in
597 1034 701 1095 tabula
722 1041 860 1112 aguntur.
903 1036 968 1111 Quo
996 1043 1098 1097 autern
1126 1035 1217 1098 modo
1231 1035 1319 1098 ¹haee

240 1133 317 1197 inter
337 1151 373 1197 sa
395 1135 586 1212 conjunxerit
607 1146 700 1217 atque
722 1141 886 1213 miscuerit,
909 1158 946 1203 eo
969 1142 1166 1217 potissimum
1188 1142 1319 1203 eernitur

241 1255 291 1305 ars
314 1240 505 1318 Sophoolea,
538 1260 576 1306 eo
604 1244 736 1324 denique
757 1247 880 1324 placata
907 1248 958 1307 itta
978 1247 1094 1309 doloris
1116 1246 1320 1318 vehementia,

240 1346 440 1425 mitigatoque
453 1348 618 1413 affectuum
639 1353 812 1423 commotio,
834 1367 916 1428 quae
932 1353 1042 1413 mirum
1064 1359 1112 1415 est
1129 1364 1224 1430 quam
1246 1369 1320 1414 sua·

239 1453 318 1517 viter
338 1453 451 1519 otneiot
471 1456 614 1519 animum.
656 1459 806 1536 Exempla
831 1466 901 1520 sunt
928 1458 1020 1520 haee:
1051 1458 1094 1519 Et
1119 1455 1316 1532 168-1773

240 1554 333 1623 itit..
351 1562 773 1638 miraremini-5173
804 1561 979 1626 etz-ste.
1014 1564 1113 1640 Antig.
1135 1558 1317 1637 tet—8003

237 1661 422 1731 sse-625.
457 1666 532 1729 Oed.
551 1670 586 1731 R.
607 1667 794 1733 son-910.
836 1669 911 1731 Phit
927 1667 1114 1733 tot-190.
1158 1669 1232 1731 Oed.
1255 1667 1317 1731 Gol.

239 1767 453 1839 itte—tete
572 1787 575 1791 ·
1195 1796 1198 1807 ·
1294 1814 1297 1819 ·

308 1879 428 1941 'Restat
448 1886 483 1943 ut
503 1881 542 1943 de
564 1898 616 1953 eo,
645 1881 684 1944 de
705 1898 767 1956 qno
791 1880 1024 1944 diversissimae
1047 1881 1180 1947 virorum
1200 1877 1316 1939 doctis-

237 1984 385 2049 simorum
406 1984 575 2047 sententiae
596 1989 669 2043 sunt
688 1988 867 2064 propositae
887 1989 958 2050 inde
980 1989 1019 2049 ab
1035 1986 1194 2057 Haerenio‚
1215 1990 1316 2046 utrum

238 2091 323 2169 quod
343 2090 408 2153 edit
428 2089 542 2153 eirorus
560 2089 708 2165 judieiinn
730 2092 898 2167 derebus,
929 2111 1010 2174 qnae
1031 2099 1179 2170 aguntur,
1207 2106 1317 2151 verum

238 2197 287 2269 sit,
308 2196 339 2258 in
359 2212 460 2275 eoque
481 2198 637 2261 elucescat
657 2200 756 2278 ipsius
771 2208 882 2279 poetae
902 2216 991 2263 mens
1005 2217 1062 2262 nee
1082 2215 1129 2271 ne,
1151 2197 1225 2274 quid
1247 2198 1317 2273 ipse

237 2303 383 2375 sentiam,
410 2301 544 2367 mermi.
588 2306 649 2368 Sed
670 2323 731 2369 non
752 2316 891 2370 nostrum
913 2314 974 2377 est,
1005 2313 1106 2367 tentas
1127 2315 1314 2376 componere

235 2408 319 2481 lites,
339 2407 401 2473 hoe
422 2409 493 2473 dieo
515 2409 677 2490 Schlegetii
698 2415 930 2490 multorumque,
952 2411 1004 2487 qni
1025 2424 1096 2469 euin
1112 2403 1211 2466 secuti
1233 2407 1312 2472 sunt,
1427 2462 1431 2468 ,

237 2513 421 2580 sententiam
450 2524 534 2578 reete
561 2535 633 2581 esse
659 2521 819 2582 reitrtatunr
848 2515 1051 2578 aWelekero
1077 2509 1273 2584 manumittiue
1294 2523 1315 2566 a

204 2644 208 2650 ’
239 2621 390 2697 Gruppio,
426 2623 475 2684 eui
508 2624 606 2689 addas
627 2624 772 2691 Klanderi
792 2622 1040 2685 dissertationem
1067 2619 1107 2680 de
1135 2615 1230 2679 choro
1251 2612 1317 2677 Se·

237 2726 377 2805 phaeleo.
419 2729 517 2792 Kitiae
540 2729 644 2797 teta·
679 2730 896 2802 Paneissimis,
931 2745 971 2790 ne
1003 2727 1163 2789 decantem
1195 2721 1235 2783 ab
1255 2718 1313 2780 nis

237 2833 364 2909 dietata,
395 2853 459 2901 rem
488 2839 659 2907 absolvam.
700 2838 884 2915 Antigonam
914 2851 1036 2913 quaeso
1065 2833 1092 2893 si
1124 2831 1195 2908 quis
1220 2828 1313 2900 tegat,

236 2955 311 3012 tium
330 2941 440 3004 eadem
459 2947 570 3011 sentiet
595 2963 665 3010 eum
694 2944 809 3009 ehorot
852 2943 971 3020 Quippe
998 2939 1050 3018 qui
1072 2953 1129 3016 per
1147 2932 1316 2997 maximam

234 3046 357 3111 ianuae
378 3056 504 3126 panem,
523 3053 557 3115 id
577 3053 662 3132 quod
673 3061 830 3133 spectator
849 3051 953 3114 statim
966 3046 1140 3126 perspieiet,
1159 3057 1222 3103 non
1242 3053 1315 3103 sen·-

237 3153 307 3227 dat,
327 3157 529 3234 Antigonam,
552 3161 579 3225 si
599 3176 662 3222 non
684 3160 768 3223 omni
787 3165 879 3220 vaaet
898 3158 1003 3230 eulpa,
1024 3159 1128 3213 tamen
1148 3161 1248 3209 eausa
1263 3141 1315 3214 iu·

233 3261 373 3325 stissimu
391 3265 459 3338 niti,
495 3268 555 3331 suto
582 3265 675 3327 finem
699 3264 824 3328 tandem
849 3261 891 3322 ad
916 3258 1080 3322 sanitatem
1106 3252 1226 3318 sedeat,
1259 3241 1313 3319 qni

234 3376 274 3431 tte
294 3370 395 3447 plebis
422 3373 546 3450 quidem
567 3390 639 3437 eum
655 3372 773 3449 judieio
794 3367 979 3435 consentiat,
1010 3379 1075 3437 quo
1108 3374 1171 3419 non
1191 3351 1314 3425 vitupe-

239 3476 301 3538 rari
319 3479 518 3556 nongoium,
539 3482 681 3554 utleges
702 3475 841 3538 creontis
861 3472 1081 3544 negligentem,
1101 3462 1159 3525 sed
1178 3467 1213 3521 ut
1232 3473 1316 3518 mor-

238 3587 359 3645 tuorum
376 3584 448 3661 jura
468 3588 682 3651 defendentem
701 3575 820 3640 laudari
847 3572 921 3634 dieit
939 3572 1088 3633 Haemon.
1108 3571 1176 3631 Ant
1197 3583 1227 3626 v,
1243 3558 1313 3625 naa

239 3698 305 3767 seq.
325 3689 397 3757 m
436 3695 479 3757 At
498 3706 560 3754 non
578 3685 680 3765 potuit
693 3685 779 3746 aditet
797 3697 864 3743 rem
883 3679 1041 3740 instituere
1061 3682 1164 3752 poeta.
1194 3674 1314 3747 Quanto

238 3798 318 3860 enim
339 3801 368 3862 si
388 3801 430 3863 ab
448 3797 535 3861 initio
555 3791 685 3855 enomm
714 3807 732 3850 u
752 3787 893 3866 partibus
912 3786 1086 3860 Antigonae
1107 3787 1238 3845 stantem
1258 3775 1315 3841 un-

237 3904 351 3979 xisset,
370 3901 574 3968 imminuisset
593 3913 713 3958 morum
732 3895 962 3965 sublimitatem,
985 3908 1081 3970 quam
1098 3888 1255 3962 Antigona
1273 3883 1314 3944 ab

239 4012 382 4074 omnibns
403 4008 527 4070 deserni
542 4003 679 4083 praebet
698 4002 736 4062 ei
756 3992 953 4062 Kianderum.
986 3998 1074 4059 idem
1087 3998 1202 4057 tautum
1222 3998 1319 4059 esset}

238 4116 292 4179 nbi
311 4116 344 4177 in
362 4112 533 4177 Philoctete
559 4118 688 4173 secutus
706 4108 897 4186 Aeschylum
917 4105 1156 4182 Euripidemque
1176 4096 1318 4177 indens·-

238 4228 289 4285 ω
308 4219 649 4286 anunm-remmam
667 4216 805 4282 eam
819 4198 1319 4294 cmm-mutintnme'

77 4318 300 4568 ἢ
