2894 4928
181 256 235 332 29

181 457 284 518 solum
314 456 461 518 describit
481 458 603 517 Admeti
631 459 796 534 potentiam
825 458 1096 536 liberalitatemque
1121 470 1262 535 exomat,

182 561 239 623 sed
267 561 308 623 ad
334 563 514 623 sententiam
541 564 680 625 aseendit
712 566 903 638 universam,
945 568 975 626 in
1004 584 1067 642 qua
1093 569 1185 630 totius
1213 572 1269 631 rei:

182 671 274 746 quasi
294 670 388 730 cardo
409 677 559 740 versatur,
581 690 608 730 v.
629 669 693 734 616
713 674 818 749 etqui
840 680 1017 749 sequuntur,
1046 690 1128 750 quos
1147 691 1259 737 versus

180 775 223 835 ita
244 776 307 836 lere
327 792 400 836 esse
422 778 636 853 explicandos:
659 781 779 840 artimus
791 795 961 856 generosus
969 780 1156 841 odvirtutem
1167 779 1258 841 effer,-

179 889 236 953 tur,
257 881 529 958 Naegelsbaohius,
558 900 698 946 summus
727 888 774 946 vir
795 887 938 963 idemque
959 886 1108 960 magister
1127 886 1265 947 maxime,

180 988 374 1049 venerandus
397 1005 447 1047 me
467 989 571 1049 docuit
591 990 621 1052 in
643 991 760 1054 scholis
783 995 925 1053 semestri
945 993 1065 1053 aestivo
1088 989 1255 1054 66611851

179 1093 304 1155 habitis.
346 1094 463 1155 Deinde
484 1111 545 1156 non
567 1104 638 1157 sunt
659 1098 818 1158 omittendi
839 1119 869 1159 v.
889 1095 952 1160 629
974 1116 1043 1174 sqq.
1065 1099 1197 1159 tabulam
1219 1097 1260 1158 ad

178 1200 292 1260 laetam
301 1200 508 1262 conditionem
529 1218 601 1262 sese
617 1221 691 1265 esse
703 1220 924 1264 conversuram
941 1203 1159 1279 significantes.
1172 1202 1262 1266 ⁴Cho·

178 1322 233 1367 rus
246 1308 395 1383 pluribus
418 1308 494 1368 locis
512 1324 563 1379 ea,
595 1326 677 1385 quae
704 1311 757 1369 uni
778 1310 919 1370 videntur
940 1310 1109 1381 accidisse,
1128 1310 1267 1370 omniurn

179 1428 221 1473 ex
239 1429 342 1474 rerum
363 1412 566 1476 humanarum
588 1415 769 1476 eonditione
787 1432 862 1478 esse
884 1417 1057 1477 communia
1079 1415 1267 1478 ostendite.-

178 1517 241 1581 439
262 1536 332 1597 sqq.
355 1522 467 1597 quibus
489 1524 580 1598 quae'
597 1522 670 1581 insit
690 1521 740 1598 uis
758 1523 946 1584 disserentes
968 1524 1008 1583 de
1030 1523 1185 1599 Sophocle
1206 1534 1265 1583 sn·.

178 1640 235 1702 pra
255 1626 398 1688 vidimus.
759 1685 761 1688 ,

262 1733 390 1805 Versus,
409 1751 505 1812 quem
527 1735 702 1812 Sophocles
723 1751 784 1794 non
805 1735 904 1811 potuit
925 1733 1020 1794 choro
1041 1733 1190 1802 tribuere,
1206 1741 1263 1794 est

178 1855 207 1897 v.
227 1835 299 1900 too.
341 1840 522 1903 Dubitanter
551 1843 632 1902 enim
662 1842 734 1900 dicit
762 1841 802 1900 de
828 1842 922 1902 rebus
950 1847 1080 1901 mortem
1099 1839 1262 1899 secuturis.

177 1942 339 2019 Nusquam
364 1947 445 2004 enirn
472 1947 555 2022 apud
577 1945 765 2021 Sophoclem
785 1945 935 2005 uidemus
959 1944 1085 2004 chorum
1108 1942 1261 2003 derebus

179 2047 291 2109 divinis
313 2048 509 2123 dubitantem,
543 2051 637 2110 immo
664 2056 771 2110 eustos
792 2056 841 2110 est
863 2051 992 2123 deorum
1012 2050 1179 2125 antiquitus
1201 2056 1263 2108 tras

178 2155 310 2219 ditorum
340 2171 510 2234 eorumque
537 2174 618 2234 quae
653 2158 864 2230 instituerunt;
906 2156 1069 2231 Euripides
1099 2170 1174 2212 vero
1200 2169 1266 2212 non-

179 2262 279 2323 solum
308 2263 482 2323 sexcenties
509 2263 580 2322 lecit
606 2263 759 2323 derebus
789 2263 976 2321 coelestibus
1005 2256 1264 2334 philosophantes

178 2383 318 2443 suasque
346 2369 445 2442 ipsios
471 2376 681 2441 proponentes
715 2365 897 2432 sententias,
931 2362 1108 2422 sedetiam
1129 2359 1261 2433 'parcius

178 2473 303 2548 quidem
318 2469 424 2530 choro
443 2470 523 2529 hane
544 2470 650 2529 tribuit
671 2476 796 2545 partem.
819 2466 1039 2536 Verecundius,
1061 2472 1094 2524 ut
1116 2463 1187 2534 dixi,
1215 2465 1262 2523 lo·

177 2575 415 2655 quitor-chorus
437 2574 486 2636 his
509 2575 548 2637 de
568 2576 670 2647 rebus,
694 2574 818 2651 opinor,=
833 2590 872 2633 ne
894 2575 933 2633 ab
950 2589 995 2644 ea,
1019 2588 1113 2649 quam
1128 2569 1261 2645 antiqui-

177 2683 234 2743 tu's¹
249 2689 417 2758 receperat,
461 2690 550 2758 parte
571 2680 664 2743 nimis
685 2683 805 2742 aberret
827 2681 995 2756 populique
1016 2695 1144 2740 sensum
1166 2675 1265 2738 offen-

178 2788 241 2848 dat'
260 2789 328 2848 Hoc
348 2789 592 2849 brevicarmine
623 2794 876 2848 cantatoevacua-
888 2785 921 2847 fit
936 2786 1047 2855 scena,
1067 2792 1101 2845 ut
1123 2787 1152 2844 in
1173 2783 1261 2842 Euri-

177 2895 258 2971 pidis
279 2892 404 2969 Helena,
425 2896 463 2956 in‘
476 2892 633 2972 Aeschyli
647 2892 875 2964 Eumenidibus
897 2892 927 2950 in
950 2890 1115 2967 Sophoclis
1136 2888 1262 2965 Ajaiee,·.

235 2999 411 3078 ›Exequiis
433 3001 584 3061 absolutis
598 3000 721 3062 chorus
741 3000 911 3060 rediteum
923 2997 1056 3058 Admeto
1077 2996 1264 3071 alternisque

177 3107 447 3168 lamentationibus
467 3122 540 3166 sese
558 3103 1262 3180 6666166666οά661666636666666666

177 3221 297 3274 vocant.
340 3212 509 3289 aptissime
525 3208 722 3270 ‘consolatur
753 3209 875 3270 chorus.
889 3216 919 3268 et
934 3210 1089 3285 exemplis
1107 3204 1262 3268 ,allatiset

178 3321 291 3382 misera
313 3318 487 3380 conditione
510 3310 692 3388 mortalium,
714 3317 968 3393 quaestamitate
984 3313 1189 3389 nonpossint
1210 3324 1264 3369 ca-

177 3440 252 3499 rere,
275 3426 441 3501 descripta·
460 3443 488 3485 v.
518 3422 589 3486 915.
611 3420 696 3484 949„
723 3421 930 3497 Exemplum·
953 3419 1026 3479 illud
1065 3425 1154 3478 acute
1174 3415 1263 3477 sidit

177 3531 360 3592 Wslekerus
382 3544 454 3591 esse
475 3531 695 3602 Anaxagorae,
723 3527 877 3603 Euripidis
897 3524 1144 3595 familiarissimi,
1163 3522 1263 3598 'eujus

179 3639 356 3700 memoriam
377 3636 427 3697 his'
440 3634 554 3694 'verbis
575 3633 758 3709 posteritate
776 3633 906 3694 voluerit
928 3631 1056 3691 tradere
1089 3628 1264 3704 Sophocles

179 3745 304 3823 quidem
324 3739 430 3804 maluit
451 3738 601 3817 exemplis
633 3758 651 3800 a
672 3736 788 3816 mythis
812 3736 998 3798 Graecorum
1025 3731 1140 3810 petitis³
1153 3747 1263 3794 ornare

179 3864 329 3928 praesens
351 3851 473 3921 malum,
494 3863 534 3907 ne
555 3844 687 3918 diversa,
711 3845 921 3922 opime-cnm
943 3842 1076 3901 diuersis
1094 3836 1264 3899 contunde

180 3966 325 4018 retneve
346 3970 421 4017 suas
444 3955 629 4014 immisceret
649 3965 719 4026 res3
736 3951 904 4027 ·Emipides
927 3964 1001 4009 vero
1023 3961 1148 4019 morsm,
1170 3942 1263 4023 quent

180 4076 236 4142 per
257 4079 364 4126 omnes
396 4064 517 4123 fabulas
547 4060 777 4121 studiosissime
799 4058 958 4124 observat,
988 4059 1021 4111 ut
1043 4047 1260 4126 sui-temporis

181 4172 348 4234 conditioni·
361 4184 417 4232 eas
439 4182 531 4247 quam
552 4167 701 4230 maxime.
721 4161 931 4227 accommodet
950 4166 1142 4235 suarumque
1150 4160 1258 4214 arerem

404 4281 438 4313 .,.
