2894 4928
187 258 237 341 00

183 460 282 536 plecti.
326 459 437 535 aptius
463 459 544 521 euim
571 459 705 523 faciebat
724 458 889 536 Euripides
917 459 1010 523 etad
1032 460 1267 546 Sophocliseir

184 566 382 631 militudinem
411 566 541 644 propius
576 564 760 634 accedebat,
791 566 819 626 si
854 566 934 629 scuti
966 565 1171 647 descriptione
1192 583 1268 633 cum

184 671 396 750 audsbophae
422 670 483 733 fine
506 673 654 733 conclusa
674 670 798 733 ineunte
819 672 923 750 epodo
950 672 990 737 ad
1025 690 1140 735 novum
1169 689 1267 753 argu-2

184 787 320 845 merrtum
343 778 498 841 transibat.
542 776 628 853 Quod
651 795 745 857 quum
768 779 854 845 aliter
874 779 992 853 iecerit,
1024 778 1269 845 alterumbabet

183 886 366 962 exemplum,
389 901 452 960 quo
474 884 503 947 in
526 882 692 947 carminum
714 882 921 961 descriptione
948 885 1023 955 nihil
1054 885 1198 957 momenti
1218 885 1267 947 iu-

183 1007 256 1055 esse
275 990 335 1052 nisi
355 989 440 1068 quod
451 997 618 1057 metrorum
625 990 704 1051 ratio
719 991 855 1066 pustulat
866 991 1014 1059 videmus.
1039 996 1085 1067 tv.
1096 989 1158 1057 701
1172 991 1264 1070 sqq.)

184 1096 328 1168 eumeu,
358 1097 389 1159 io
417 1112 479 1174 quo
500 1103 625 1173 poetam
653 1096 692 1157 de
714 1095 826 1159 tabulis
848 1097 1016 1174 antiquitus
1035 1096 1157 1162 traditis
1176 1095 1268 1170 dubi3

183 1209 296 1267 mutem
323 1200 484 1272 eudimus,
517 1203 669 1265 malornm
689 1203 922 1279 facinorumque
948 1201 1059 1269 seriem
1091 1203 1267 1287 continuam

183 1308 297 1386 quibus
316 1307 478 1371 laborabat
498 1308 674 1371 Atridarum
697 1308 817 1381 domus,
838 1317 996 1373 enumerat
1015 1309 1088 1385 inde
1107 1310 1147 1369 ab
1171 1325 1267 1371 aureo

183 1415 304 1479 ariete
330 1411 430 1475 Video
460 1413 589 1481 chorum
616 1430 677 1477 nun
699 1430 773 1477 esse
791 1415 929 1492 gravium
949 1422 1135 1488 commotum
1156 1431 1267 1492 quarn?

183 1537 278 1601 quam
303 1521 334 1584 itt
359 1534 483 1591 sutrrmo
504 1527 668 1583 versantur
688 1520 863 1583 discrimine
885 1527 916 1584 et
937 1521 1056 1599 Oresiis
1078 1529 1109 1585 et
1128 1520 1269 1591 Electrae

181 1629 265 1702 ieta3
287 1627 381 1689 miror
400 1624 482 1693 enirn
504 1625 534 1685 in
554 1641 590 1689 re
611 1633 676 1691 tam
694 1625 835 1705 flagranti
857 1643 928 1705 enm
946 1644 1046 1705 posse
1062 1628 1164 1693 adres
1176 1643 1266 1705 prae-

181 1734 287 1799 teritas
309 1734 400 1810 iunge
419 1732 609 1809 emanandas
625 1749 667 1795 -se
689 1740 876 1795 convertere
914 1731 1043 1813 ⁴iirtrrtra
1071 1733 1265 1814 aptissimum

181 1846 238 1911 eet,
257 1837 343 1915 quod
365 1845 442 1915 erate,
458 1840 585 1905 caedem
608 1838 869 1915 Clytaemnestrae
890 1857 910 1900 a
931 1840 1035 1931 liberis
1046 1838 1264 1916 perficiendam

183 1943 272 2004 canit.
1152 1998 1165 2007 ..
1204 1974 1217 2007 s

264 2047 472 2111 Transeamus
494 2047 534 2109 ad
555 2047 748 2111 Helenam.
791 2049 903 2111 Notum
923 2056 986 2121 est,
1023 2057 1057 2111 ut
1078 2050 1265 2128 supradixi,

180 2155 397 2231 Francoqnilos
431 2154 464 2214 in
496 2153 582 2217 ebori
608 2155 710 2221 locurn
733 2156 935 2221 substituisse
957 2155 1087 2221 amicam
1109 2156 1263 2233 quandam

180 2259 477 2325 dominae-comitem
486 2258 616 2335 ejusque
624 2259 819 2323 conciliorum
841 2263 1052 2335 factorumque
1072 2257 1261 2334 participem

179 2365 229 2428 Ad
249 2364 342 2440 hujus
363 2362 482 2433 amicae
503 2359 729 2431 similitudinem
749 2362 824 2423 mibi
845 2362 965 2423 videtur
979 2361 1094 2421 chorus
1115 2357 1261 2434 inpriore

179 2476 266 2549 parte
286 2447 409 2527 tabulae
429 2479 504 2525 esse
522 2464 741 2525 conformatus.
788 2464 855 2527 Non
878 2467 975 2531 neuim
996 2465 1135 2543 pertinet
1156 2463 1196 2525 ad
1217 2463 1230 2525 i
1248 2497 1262 2509 -

178 2574 282 2639 butam
312 2569 370 2631 sed
398 2568 439 2631 ad
460 2569 601 2644 Helenae
622 2585 804 2646 personam,
843 2572 891 2635 cui
919 2578 1006 2643 totus
1034 2578 1082 2634 est
1110 2570 1262 2631 addictus.

178 2681 265 2748 lianc
289 2675 479 2741 consolando
501 2676 596 2752 erigit,
619 2677 747 2752 consilio
769 2677 911 2755 adjuvat,
934 2694 1003 2739 curn
1025 2677 1086 2739 hac
1100 2692 1196 2753 scena
1214 2691 1262 2757 re7

181 2787 254 2850 licta
283 2785 449 2847 Theonoen
479 2783 543 2847 adit
568 2783 607 2844 de
633 2782 772 2849 Menelao
794 2785 998 2851 consulturus.
1040 2782 1107 2845 Non
1136 2786 1185 2842 est
1206 2779 1263 2861 igi-

179 2899 229 2961 tur
248 2885 405 2973 aquieverit
425 2881 599 2972 ἄπρακτος
619 2906 678 2953 nee
698 2892 798 2953 solum
820 2890 1034 2960 benevolentia
1056 2886 1262 2966 prosequitur,

181 2997 238 3061 sed
260 2998 331 3072 ipso
353 2996 434 3057 iacto
457 2995 583 3071 adjuvat
603 2996 759 3062 Helenam.
783 3054 796 3065 ,,
840 3016 859 3061 2
959 3036 961 3041 »
1110 3040 1113 3047 .

261 3119 290 3160 v.
322 3097 403 3167 1107
433 3115 501 3176 sqq.
543 3099 673 3165 Effusis
694 3103 733 3163 de
767 3105 902 3173 Helenae
944 3102 1057 3165 misera
1089 3098 1262 3161 conditione

179 3206 311 3285 querelis
340 3204 478 3282 adjungit
503 3207 567 3277 iata
609 3206 719 3282 Trojae
752 3225 809 3285 per
854 3216 897 3273 tot
933 3208 1060 3271 aliarum
1089 3206 1262 3283 fabularum

178 3313 315 3376 carmina
343 3311 512 3377 decantata.
557 3313 642 3388 Quae
672 3321 843 3392 ,sequuntur
877 3321 989 3392 poetae
1011 3318 1082 3375 sunt
1103 3310 1261 3387 personati

126 3401 147 3423 ”
178 3435 251 3481 esse
263 3419 340 3480 deos
354 3417 645 3494 nequeaffrrmentis
661 3437 762 3497 neque
776 3420 931 3496 negantis..
949 3419 1016 3485 lloc
1030 3416 1164 3481 carmine
1179 3420 1264 3494 rente

177 3512 296 3591 ludant
316 3523 495 3597 llertungus
511 3521 687 3600 Euripidem
707 3525 742 3587 in
758 3525 925 3592 Homerum
946 3523 1063 3597 invehi,
1093 3570 1096 3581 .
1211 3566 1225 3595 ,ι
1250 3548 1254 3557 ·

187 3666 191 3679 ‹
261 3647 291 3690 v.
314 3625 398 3697 1300,
416 3644 485 3706 sqq.
527 3629 594 3697 lloe
615 3631 944 3698 carmen-simillimum
959 3631 1073 3701 .estiis‚
1095 3640 1177 3708 quae
1192 3628 1262 3697 Ari·

181 3737 307 3807 etoteles
329 3725 505 3815 dpssoirpe
524 3744 630 3809 vocat,
655 3738 775 3815 quippe
802 3754 883 3815 qnae
910 3737 950 3799 ad
979 3753 1043 3799 rern
1070 3735 1150 3797 nihil
1165 3734 1259 3813 perlis

179 3842 283 3911 millia
298 3847 445 3915 :uetuerat
469 3848 585 3905 tanturn
622 3841 796 3916 intervalla·
822 3845 971 3921 expleant.
997 3888 1011 3913 .,
1029 3844 1086 3911 Vel
1114 3843 1143 3905 si
1166 3859 1261 3920 quam

179 3947 373 4015 Hermannus
390 3956 516 4019 exercet
552 3949 644 4021 crisio
672 3950 853 4025 probaveris
870 3949 1085 4026 llortungique
1110 3949 1262 4022 rabonem

180 4053 484 4131 amplectariquuid,
501 4070 620 4132 quaeso
658 4055 784 4144 adrem
797 4057 933 4133 sponderet
956 4054 1261 4143 &wisamarum

178 4159 269 4235 longa
291 4158 475 4241 descripti03
489 4161 552 4224 rubi
572 4159 1104 4239 tandemestaiiqtea-sigoiiieatio,
1119 4161 1261 4239 quatio„
