2894 4928
182 243 211 324 8

179 456 342 523 exponam,
355 443 441 506 redit
462 445 552 522 quasi
574 445 614 506 ad
629 445 824 522 superiorem
846 447 1006 507 rationem.⁴
1024 444 1081 507 lllo
1093 447 1187 508 ‘satis‘
1202 449 1260 511 ha-

179 544 270 624 bebo,
293 552 432 613 Troadas
455 550 572 624 afferre,
594 553 625 612 in
647 552 759 628 quibus
780 553 862 613 duae
883 552 1080 630 deplorantur
1103 551 1260 616 calamita-

179 660 236 730 tes,
258 658 353 718 altera
373 657 527 729 Hecubae,
550 659 645 719 altera
667 657 760 719 chori.
789 657 894 721 Redeo
916 659 956 720 ad
977 658 1113 735 Aiacem.
1145 662 1259 739 Atque

179 763 252 835 loci,
280 763 333 824 ubi
356 763 469 825 chorus
491 764 529 825 de
552 764 617 826 suls
640 764 755 840 cogitat
768 765 907 834 miseriis
930 772 1001 826 sunt
1027 764 1060 825 hi
1082 798 1124 811 -·-
1144 765 1260 844 sequor

179 881 324 930 numeros
345 885 492 932 versuum
515 870 868 933 Schneidewinianomm
889 874 919 932 in
940 872 1053 932 tabulis
1075 873 1114 932 ab
1128 871 1173 932 ‘eo
1195 872 1260 933 edi-

179 975 227 1046 tis,
250 975 280 1034 in
302 977 412 1037 ceteris
433 975 661 1037 Wunderianos
676 995 731 1036 -t
756 994 782 1036 v.
804 974 874 1040 254.
896 974 967 1040 255.
988 975 1168 1056 eea-seqq.
1190 976 1259 1041 900.

180 1076 261 1142 1185
284 1097 348 1157 seq.
371 1088 401 1141 et
422 1081 453 1141 in
477 1078 550 1142 Oed.
573 1081 635 1143 (iol.
660 1079 749 1145 1239.

262 1185 331 1246 lam
354 1187 477 1264 singula
498 1195 719 1265 pertractantes
743 1188 873 1264 singulis
895 1189 982 1261 locis
1005 1206 1067 1266 quo
1089 1191 1182 1253 modo
1205 1191 1263 1253 So-

178 1291 308 1370 phocles
331 1311 387 1370 per
410 1292 537 1355 chorum
561 1293 686 1355 allicere
707 1295 837 1355 voluerit
858 1302 976 1356 mentes
991 1295 1186 1368 audientium,
1209 1313 1263 1357 ex-

179 1396 369 1474 plicabimus.
412 1399 458 1459 Aa
487 1401 589 1461 statim
610 1400 756 1475 Ajacis
786 1401 921 1476 paredus
946 1409 994 1462 est
1015 1400 1055 1461 ad
1077 1401 1260 1476 ejusartem

178 1504 425 1580 perspiciendam
447 1505 696 1566 luculentissima.
719 1506 886 1582 Praeparat
906 1508 986 1568 enim
1008 1507 1135 1569 animos.
1150 1525 1178 1567 v.
1192 1504 1259 1569 141.

178 1610 219 1671 ad
239 1611 338 1676 tristia
360 1627 441 1689 quae
463 1618 646 1688 sequuntur,
681 1612 721 1673 ad
743 1619 871 1673 mortem
891 1613 1012 1688 AiaciS,
1042 1631 1081 1674 ne
1103 1614 1262 1675 calamitas

179 1732 219 1778 ex
239 1718 409 1794 improviso
441 1716 560 1778 irruens
591 1719 744 1796 opprimat
774 1719 893 1778 animos
915 1719 1125 1794 spectantium.
1168 1720 1263 1780 Aliter

178 1820 258 1882 enlm
292 1837 329 1882 ae
350 1823 446 1884 nostri
470 1824 539 1884 aevi
562 1830 693 1900 poetae,
727 1824 779 1900 qui
808 1829 985 1899 spectantes
1014 1839 1070 1900 per
1100 1838 1261 1884 scenarum

178 1927 421 1987 continuatarum
439 1924 555 1989 'seriem
576 1934 683 2005 raptas
706 1935 820 1987 vexant
841 1935 872 1987 et
889 1927 1072 1999 exanimant,
1095 1930 1153 1989 sub
1170 1928 1261 1990 finem

178 2040 280 2094 autem
301 2032 424 2093 fabulae
453 2033 556 2094 subita
584 2047 684 2093 rerum
713 2032 915 2093 conversione
937 2032 1117 2109 percellunt,
1146 2035 1262 2112 antiqui

156 2136 413 2215 diligentissime
435 2139 595 2211 cavebant,
625 2156 664 2200 ne
686 2138 760 2216 quid
781 2137 938 2214 inopinato
961 2138 1121 2210 accideret,
1144 2140 1260 2211 melius

179 2246 295 2322 opinor,
317 2243 548 2322 perspicientes,
571 2245 646 2322 quid
667 2251 752 2307 esset
773 2249 878 2321 aptum
900 2244 1077 2320 tragoediae
1098 2244 1262 2320 animoque

178 2348 323 2411 humano.
346 2349 423 2410 Nam
446 2367 526 2427 quae
550 2352 653 2412 subito
675 2350 811 2410 incidunt
833 2351 922 2418 mala,
944 2365 983 2408 ea
1004 2351 1153 2422 frangunt
1168 2349 1261 2423 atque

178 2455 346 2532 percellunt
367 2452 519 2527 animum,
538 2464 638 2530 tquae
660 2461 762 2513 autem
791 2454 881 2527 longe
902 2459 979 2511 ante
1000 2452 1153 2512 venientia
1174 2453 1262 2513 vide·

179 2574 258 2631 muS,
282 2574 319 2618 ea
335 2567 530 2619 commovent
547 2559 670 2636 quidem
692 2564 831 2630 mentem,
853 2559 967 2618 nullum
989 2564 1091 2617 tamen
1106 2564 1261 2628 terrorem,

178 2666 291 2726 nullam
326 2665 598 2740 perturbationem.
613 2662 749 2725 afferunt.
798 2659 928 2724 Videtur
955 2669 1055 2724 autem
1086 2669 1179 2739 poeta
1208 2678 1264 2738 per

179 2769 264 2832 chori
287 2769 436 2847 paredum
467 2770 498 2830 id
530 2769 655 2831 allicere
677 2771 851 2842 studuisse,
887 2770 1045 2830 utstatim
1067 2769 1118 2844 qui
1141 2774 1264 2844 specta-

177 2877 253 2938 bant
279 2878 332 2936 tali
363 2877 454 2939 modo
478 2877 685 2949 allicerentur,
717 2877 799 2953 quali
829 2874 918 2935 decet
945 2874 1080 2933 fabulam
1111 2880 1262 2950 spectare.

180 2983 236 3045 Est
259 2985 348 3055 enim,
369 2988 403 3043 ut
425 2981 512 3066 Odol.
534 2983 634 3044 Mucii.
656 2983 686 3042 in
707 2982 783 3041 Hist.
805 2980 872 3041 Litt.
889 2981 944 3040 Gr.
966 2980 1000 3052 II,
1015 2976 1058 3040 89
1080 2979 1161 3051 dicit
1184 2981 1264 3040 divi·

179 3091 262 3150 natio
289 3089 379 3148 futuri
414 3090 485 3148 mali
514 3090 609 3149 mixta
636 3104 706 3148 cum
733 3095 816 3147 metu
837 3070 970 3147 maxime
992 3086 1180 3147 conveniens
1199 3085 1266 3146 ira?

181 3195 318 3273 goediae.
360 3193 447 3253 Hane
470 3193 582 3253 excitat
604 3194 783 3270 plerumque
805 3190 894 3252 chori
915 3188 1059 3278 parodus
1089 3191 1173 3267 quod
1195 3191 1262 3266 plu-

179 3302 267 3363 ribus
290 3298 439 3376 exemplis
471 3297 608 3358 firmabo.
650 3297 688 3358 Et
710 3299 740 3358 in
761 3296 909 3373 Aeschyli
931 3297 1160 3372 Agamemnone
1192 3295 1263 3372 quis

181 3415 229 3469 est
251 3422 342 3484 quem
362 3406 423 3465 uon
445 3401 539 3464 tristis
561 3404 609 3463 ille
631 3411 739 3476 cantus
761 3421 870 3465 senum
887 3404 1078 3478 Argivorum,
1102 3416 1193 3477 quem
1211 3416 1264 3461 ca-

180 3520 256 3575 nunt
275 3514 305 3572 in
329 3527 454 3572 scenam
470 3510 665 3585 prodeuntes,
690 3526 812 3570 summa
833 3509 958 3584 impleat
970 3507 1148 3567 anxietate?
1171 3524 1263 3584 quem

181 3635 243 3679 non
258 3613 337 3676 ¹illud
348 3612 481 3678 αἴλινον
502 3613 636 3679 αἴλινον
648 3610 736 3691 εἰπὲ,
759 3613 797 3679 ed
821 3604 889 3690 δῗεῦ
913 3610 1047 3677 νικάτω.
1069 3612 1171 3674 listro
1189 3630 1263 3673 vera

182 3723 339 3800 tamquam
379 3722 446 3781 avis
479 3721 602 3781 sinistra
644 3723 826 3783 imminentis
857 3720 1038 3780 calamitatis
1067 3719 1262 3795 praenuncia.

139 3884 141 3889 .
183 3827 278 3902 Quem
301 3827 433 3889 excitent
460 3828 544 3888 chori
568 3829 701 3889 oanuina
723 3830 752 3888 in
774 3830 1005 3904 Agamemnone
1027 3824 1177 3896 allectum,
1206 3843 1263 3902 op·

182 3934 256 3994 time
278 3933 456 3995 describunt
480 3935 618 3996 Schilleri
642 3935 752 3994 verba:

352 4034 460 4122 lingit
479 4052 559 4121 tuot
581 4037 630 4122 luit
654 4036 693 4117 idi
715 4038 763 4103 int
780 4035 878 4120 diutile
899 4036 955 4101 mit
975 4033 1084 4100 metten

189 4190 192 4201 ,
264 4169 288 4196 ·2
353 4141 510 4226 &beiden
531 4142 589 4210 bui
613 4141 919 4226 &dictatantoetptuit
940 4138 1127 4223 bttldteiteo
