2894 4928
226 285 274 359 td

222 480 384 558 Euripides
413 482 452 540 ab
473 483 594 542 actione
617 483 750 558 pauiium
779 482 924 558 sejunxit,
960 491 1044 544 arcte
1066 484 1210 546 cohaeret
1230 502 1304 546 curm

223 587 326 657 rebus,
348 602 431 663 cquae
453 596 591 662 aguntur.
615 587 659 648 Eo
681 588 782 648 sotum
805 590 873 649 otiis
895 591 1082 661 estsimilis,
1113 591 1200 667 quod
1226 607 1304 667 poe-

223 702 287 754 tam
313 700 511 770 personatum
543 708 640 771 saepe
667 694 824 766 audimus,
857 695 932 771 quid
952 697 1021 771 ipse
1042 697 1155 756 sentiat
1176 696 1214 756 de
1239 696 1301 757 diis

221 801 462 877 proloquentem.
504 800 644 861 Mutasse
673 807 776 860 autem
802 799 978 877 Euripidem
1010 820 1104 879 quem
1130 810 1224 863 autea
1244 801 1304 862 ha-

223 907 331 966 buerat
352 904 508 967 derebus
529 905 641 967 divinis
663 907 846 982 opinionem,
870 907 1063 986 abiectisque
1082 910 1197 986 quibus
1211 917 1304 969 antee

223 1011 397 1087 agitabatur
422 1011 664 1074 dubitationibus
693 1013 731 1072 ad
760 1029 954 1074 communem
975 1015 1149 1091 opinionem
1171 1016 1304 1091 antiqui-

223 1127 274 1179 tus
305 1119 446 1179 traditam
474 1117 593 1178 redisse
625 1120 702 1180 satis
738 1127 787 1179 est
823 1126 971 1195 apertum.
1013 1120 1148 1196 Saepius
1167 1120 1249 1181 enim
1270 1121 1302 1179 iu

221 1221 356 1285 Bacchis
375 1240 436 1289 non
458 1240 531 1285 esse
551 1223 591 1284 de
611 1224 671 1284 diis
692 1224 902 1301 quaerendum
930 1225 987 1286 scd
1009 1233 1097 1286 casta
1118 1227 1303 1302 sinceraque

221 1340 322 1399 mente
344 1346 435 1392 sacro
456 1346 562 1390 eorum
580 1330 709 1390 cotanda
729 1330 932 1390 commendat.
954 1331 1101 1391 Matutam
1115 1333 1213 1407 igitur
1234 1334 1303 1408 opi-

220 1439 342 1499 nionem
364 1439 431 1499 sive
451 1452 492 1497 ex
513 1435 622 1495 intimo.
639 1437 740 1497 ammo
762 1435 850 1497 fluxit
871 1437 948 1509 sive,
968 1437 1000 1497 id
1012 1438 1098 1515 quod
1112 1438 1300 1516 quibusdam

220 1558 260 1604 ex
281 1544 359 1604 iocis
380 1541 616 1617 Aristophaneis
644 1542 796 1617 cottigunt7
823 1558 863 1602 ne
884 1550 1075 1620 contemptor
1096 1544 1224 1606 deorum
1243 1543 1303 1605 ha-

217 1649 342 1710 beretur
361 1649 545 1716 simuiatam
577 1647 680 1707 muttis
701 1647 778 1707 locis
799 1655 893 1722 poeta
914 1648 945 1707 in
964 1647 1051 1709 chori
1080 1666 1213 1724 persona
1227 1666 1301 1727 pro·

221 1755 334 1831 posuit,
354 1761 388 1814 ut
410 1754 511 1815 statim
534 1753 563 1812 in
586 1752 694 1829 parodi
715 1752 816 1824 initio,
831 1754 995 1830 imprimis
1015 1771 1043 1814 v.
1064 1752 1128 1817 365
1148 1773 1217 1833 sqq.
1237 1753 1304 1819 stt

219 1875 288 1937 sqq.
310 1858 363 1920 ubi
385 1867 494 1937 aperte
517 1860 547 1919 iu
569 1858 781 1935 sophistarum
805 1860 984 1936 superbiam
1006 1861 1166 1921 invehitun
1210 1861 1301 1923 Chori

220 1965 348 2035 cantico,
369 1973 402 2025 ut
420 1965 484 2040 jum
507 1965 578 2036 dixi,
600 1964 694 2041 hujus
716 1965 848 2037 fabulae„
871 1982 951 2042 quae
969 1966 1132 2027 Goethium
1153 1983 1228 2044 prae
1250 1985 1303 2029 ce·

219 2072 291 2132 teris
324 2070 503 2144 deiectavit,
537 2071 789 2146 splendidissimo
817 2080 888 2134 sunt
916 2073 1081 2134 verborum
1113 2083 1221 2135 ornatu
1256 2077 1301 2134 in·

219 2185 349 2249 structa,
385 2178 475 2254 plenu
508 2177 602 2238 divini
631 2179 764 2256 impetus
793 2179 956 2254 imaginem
985 2177 1132 2251 praebent
1160 2178 1299 2238 bacchici

220 2285 331 2346 turonis
353 2283 584 2348 nobilissimam.
629 2285 690 2346 Sed
712 2285 774 2347 hoo
795 2285 946 2352 desidero,
974 2289 1009 2341 ut
1028 2282 1132 2356 utiquo
1152 2298 1193 2340 ex
1211 2289 1299 2354 parte

219 2390 368 2453 concedat
400 2409 462 2454 non
489 2396 555 2456 sino
578 2393 680 2466 atiquo
704 2387 962 2462 jure-Pentheum
983 2383 1069 2437 reniti
1089 2398 1172 2439 novo
1195 2381 1294 2438 cultui.

217 2496 262 2558 Ea
283 2498 363 2558 enim
385 2506 434 2559 est
454 2501 503 2559 tex
525 2496 599 2557 artis
619 2490 768 2565 tragicae,
799 2493 1031 2553 antecessarum,
1052 2497 1132 2559 ques
1152 2480 1297 2543 videmus

218 2603 437 2677 conflictantes,
458 2610 564 2664 neutra
586 2597 667 2660 omni
689 2598 791 2653 careat
809 2588 885 2664 jure.
928 2587 965 2648 Et
977 2586 1152 2664 Sophocles
1172 2589 1296 2666 quidem

218 2710 309 2771 rideo
343 2708 526 2771 choro-hoc
547 2717 659 2764 munus
681 2695 844 2768 demtisso,
871 2703 915 2756 ut·
933 2693 1076 2755 addictus
1104 2695 1230 2772 quidem
1259 2699 1296 2768 ei,

219 2818 272 2895 qui
295 2813 501 2894 primaeuae
521 2814 640 2886 partes,
668 2810 769 2863 tamea
791 2819 853 2864 non
881 2803 921 2863 sit
943 2807 1044 2862 mente
1063 2809 1128 2861 tam
1146 2799 1298 2862 occaeca-

218 2932 269 2987 tos
294 2921 448 2999 studitqpc
464 2917 594 2990 ==ttnpetu
624 2909 778 2982 turbatus,
805 2915 840 2970 ut
861 2907 957 2986 'plane
988 2924 1049 2968 non
1078 2908 1189 2968 sentiat
1223 2909 1299 2967 atto·

218 3048 286 3093 rum
307 3027 399 3089 ctiam
419 3021 543 3091 habere,
566 3034 628 3095 quo
650 3016 758 3078 merito
778 3016 881 3094 possit
901 3015 964 3075 niti.
1013 3013 1046 3073 ln
1066 3013 1201 3075 Bacchis
1228 3014 1297 3092 qui·

219 3136 297 3207 dom,
325 3125 470 3208 quomam
497 3122 614 3184 induxit
641 3121 768 3185 chorum
788 3120 995 3194 Baccharum,
1022 3136 1083 3180 non
1106 3121 1212 3197 potuit
1238 3121 1297 3181 atio

218 3239 314 3302 mdo
326 3229 418 3311 poeta
438 3244 502 3289 rem
524 3228 697 3303 instimer03
724 3242 786 3293 non
808 3229 906 3305 potuit
927 3222 1199 3288 turba-mulierum
1219 3226 1301 3292 diub-

223 3332 386 3405 ndi-rurore
401 3336 626 3413 :percutsarum¹
645 3351 708 3411 quo
729 3336 801 3411 quis
813 3328 888 3409 'jure
907 3334 1053 3395 resistere
1075 3326 1300 3408 possitBo'obbt

221 3445 327 3517 ucria
350 3442 523 3518 intelligere
547 3440 603 3502 sed
621 3439 719 3501 choro
741 3454 805 3500 non·
824 3438 993 3509 convenit,.
1008 3436 1124 3512 quippe
1157 3437 1209 3513 qui
1235 3448 1301 3498 noo·

219 3542 323 3629 portes
344 3547 434 3609 unius
457 3544 613 3623 sequatur,
634 3545 692 3606 sed
712 3544 845 3605 medium
868 3543 1023 3621 quiddam
1035 3542 1114 3603 inter
1127 3549 1232 3619 partas
1253 3543 1301 3607 ine

220 3662 320 3716 tense
340 3659 505 3716 certums-
518 3648 637 3713 teneat.
653 3652 730 3714 «Non
752 3659 933 3729 poteramus
954 3648 1157 3726 supersedere
1179 3645 1300 3724 singnis

218 3759 379 3837 persequi,
407 3759 491 3837 quod
512 3765 546 3819 ut
567 3776 678 3820 munus
702 3752 1037 3828 est-molestissimum,
1053 3754 1108 3814 ita
1130 3753 1160 3813 ei·
1179 3753 1232 3830 qui
1253 3753 1300 3812 in:

219 3865 290 3926 anic
311 3872 428 3927 caveat·
451 3873 481 3927 et
507 3874 621 3928 temere
644 3866 763 3942 prolata
783 3860 937 3925 summum
959 3868 1052 3939 atque
1073 3857 1298 3937 gmritstmum.

222 3970 291 4033 tam
314 3972 353 4034 ad
373 3987 438 4033 rem
453 3971 786 4048 multo-jucundiorem
807 3984 857 4031 me
878 3975 1023 4030 converto
1033 4012 1045 4041 ,.
1069 3975 1104 4026 ut
1130 3965 1178 4028 de
1202 3965 1302 4028 chono‘

219 4074 435 4156 Euripideum
456 4077 634 4138 universum
655 4080 819 4154 exponam.
853 4075 886 4134 tn
908 4089 970 4151 quo
984 4069 1062 4150 quis·
1084 4070 1303 4150 negabit-edm

221 4182 378 4251 diversum
399 4197 472 4254 esee
493 4199 516 4243 ιι
534 4180 725 4260 Sophocleo!
740 4181 743 4229 ἱ
757 4180 825 4244 hoc
845 4178 1091 4249 entmvsumde
1110 4180 1210 4256 cotim
1230 4182 1301 4255 pot*
