2894 4928
239 278 285 362 lt

234 482 314 546 enini
326 485 356 547 in
368 485 501 548 editione
513 485 598 548 lonis
614 487 654 548 ad
668 502 747 548 vers.
763 479 1313 575 826—'1‘328Qpcttttldttbettlltat

234 588 350 658 tltetott
380 589 456 674 tiele
491 589 735 674 Eenettunqot,
776 591 836 657 tle
865 592 903 672 io
936 592 1105 676 concita
1135 594 1311 679 natitent

233 681 334 792 urat·
353 694 428 761 niel
449 696 549 779 mett
570 696 845 765 lebenter-ott
868 696 1213 785 tidonftllt-ttnqett
1232 696 1310 770 aab

232 798 506 885 coaequale,
538 818 597 869 unt
618 801 679 869 tet
700 798 867 886 tantilli
887 804 1311 892 ltritectptntett'‘iletlon

231 904 322 987 {leit
355 925 435 991 tunt
463 907 700 991 qenttnetea
728 910 907 992 trieben
941 912 1141 995 tuqeten,
1175 913 1230 998 nul
1253 915 1310 983 tot

234 1011 321 1081 (tube
343 1010 419 1095 cul?
462 1017 549 1090 Quod
571 1018 598 1078 si
619 1010 846 1091 verum'esset,
877 1021 907 1079 in
938 1020 1186 1086 altercationibus
1215 1024 1309 1085 choro

232 1123 332 1183 nullus
354 1110 441 1183 locus
476 1123 605 1184 daretur.
649 1126 736 1186 Mens
759 1126 839 1185 enim
861 1127 1012 1186 concitata
1038 1137 1109 1187 non
1132 1131 1189 1190 sert
1219 1123 1310 1191 intor-

231 1229 399 1306 pellantes‚'
428 1229 521 1289 immo
551 1231 665 1308 excipit
690 1232 772 1292 nullo
801 1233 959 1292 intervallo
982 1232 1119 1294 admisso
1143 1234 1226 1309 ejus,
1257 1237 1309 1313 qui

230 1340 434 1407 contractet,
464 1351 644 1397 sennonem.
689 1337 805 1398 Chorus
828 1345 930 1398 autem
959 1339 1077 1416 ubique
1104 1341 1167 1400 sere
1193 1341 1308 1403 talibus

227 1441 304 1505 locis
326 1441 552 1518 interloquitur,
581 1443 634 1504 ubi
655 1443 884 1505 vehementiore
912 1443 1024 1505 affectu
1045 1445 1254 1506 verbisinter
1270 1463 1306 1508 sc

230 1547 320 1625 quasi
357 1555 539 1609 concurrunt
570 1550 746 1611 adversarii.
804 1551 867 1611 Nec
893 1537 1000 1610 'solum
1024 1550 1211 1626 Sophocles,
1231 1553 1304 1612 ¹sed

230 1652 324 1713 etiam
348 1644 509 1729 Euripides
538 1656 730 1715 scenicarum
763 1659 1041 1718 controversiarum
1070 1659 1309 1730 amantissimus

230 1752 309 1837 quas
332 1774 350 1819 e
371 1759 567 1821 similitudine
588 1763 681 1823 moris
706 1762 754 1822 sui
781 1762 929 1839 temporis
948 1761 1102 1837 judicialis
1125 1762 1226 1833 duxit,
1254 1756 1310 1838 p'er

231 1864 359 1927 chorum
381 1867 562 1928 altercantes
585 1868 624 1928 ad
640 1870 879 1945 tranquilliorem
902 1870 992 1929 animi
1009 1868 1149 1929 habitum
1169 1859 1304 1928 reuocat.

227 1961 407 2048 Exemplum
434 1974 582 2048 praebent
609 1975 639 2032 in
661 1976 817 2035 Alcestide
838 1962 953 2035 Pheres
982 1980 1011 2034 et
1032 1974 1181 2033 Admetus
1211 1972 1307 2034 vehe-

228 2078 417 2140 mentissime
438 2079 515 2138 inter
535 2095 571 2140 se
593 2087 752 2142 certantes.
782 2081 828 2140 'ln'
850 2080 1006 2157 Sophocle
1033 2095 1139 2140 omnes
1162 2081 1224 2139 iere
1245 2079 1307 2140 huc

228 2186 355 2247 redeunt
376 2185 448 2256 loci,
470 2173 504 2245 ut
523 2173 703 2249 moderetur
720 2187 842 2261 chorus,
865 2204 946 2266 quae
968 2189 1208 2262 intemperanter·
1225 2183 1307 2245 dlcta

228 2292 376 2353 videntur.
417 2279 484 2352 Nec
502 2288 611 2368 'prava
631 2301 748 2356 tantum
771 2301 891 2356 coercet
914 2294 1027 2364 studia,
1057 2291 1113 2352 sed
1140 2291 1231 2350 etiarn
1254 2291 1306 2365 qui

230 2404 326 2459 causa
347 2383 413 2458 irati
440 2399 490 2458 vel
513 2398 688 2473 justissima
709 2402 927 2460 incontinenter
949 2397 1150 2474 'procedunt'
1172 2383 1307 2463 retrahit,

230 2509 264 2565 ut
284 2494 445 2565 Electram
457 2505 487 2564 in
503 2504 545 2564 El.
560 2501 630 2566 206.
652 2500 722 2566 362.
744 2520 809 2580 seq.
832 2504 867 2562 ci.
880 2498 947 2564 ’591
968 2492 1140 2578 s'eq.1152.
1162 2512 1229 2574 seq.
1246 2484 1309 2558 815

229 2616 295 2686 seq.
319 2598 352 2671 cs.
376 2611 475 2686 Antig.
489 2607 560 2671 724.
583 2625 648 2687 seq.
665 2607 735 2672 831.
758 2624 822 2685 seq.
844 2607 918 2668 Phil.
936 2603 1025 2668 1181.
1049 2605 1122 2666 Oed.
1139 2600 1307 2666 6011693,

228 2698 294 2793 seq.
319 2711 401 2777 1720
421 2731 486 2790 seq.
529 2714 665 2775 Alterum
685 2699 837 2776 habemus
861 2715 1048 2791 exemplum,
1082 2730 1143 2791 quo
1164 2698 1307 2772 videmus

228 2805 422 2883 in'medullis
450 2820 540 2897 quasi
563 2819 726 2896 Sophoclis
748 2821 876 2882 haerere
901 2820 976 2895 justi
1011 2819 1093 2880 modi
1121 2815 1307 2879 observandi

229 2926 372 2989 studium.
498 2932 502 2939 ’
975 2915 976 2919 ’
1139 2944 1142 2951 ’
1214 2909 1217 2944 ³

301 3020 378 3093 ¹lam
399 3032 480 3108 eligo
503 3030 630 3094 chorum
652 3033 689 3092 in
711 3033 796 3094 Oed
817 3034 851 3093 R.
876 3022 980 3102 ttae,
1016 3047 1077 3107 quo
1104 3030 1194 3089 aliam
1222 3027 1307 3089 chori

230 3140 372 3200 virtutem
388 3138 607 3200 demonstrem.
649 3137 770 3200 Nullum
797 3140 860 3198 lere
882 3125 1003 3199 carmen
1034 3135 1118 3196 chori
1142 3130 1307 3211 Sophoclei

230 3246 379 3308 sententia
400 3246 503 3321 aliqua
521 3244 670 3304 universa
691 3251 782 3326 caret.
815 3232 954 3305 Revocat
975 3230 1055 3304 enim
1077 3242 1197 3317 singula
1218 3226 1306 3309 mala,

230 3364 310 3430 quae
332 3350 487 3423 videmus,
510 3351 549 3410 ad
571 3351 656 3425 leges
678 3331 841 3410 universas
864 3357 916 3410 aut
938 3349 978 3409 ad
1000 3341 1192 3410 communem
1212 3332 1307 3420 'gene-¹

228 3459 271 3519 ris
293 3456 418 3518 humani
440 3463 568 3529 sortem,
591 3450 625 3516 ut
646 3456 677 3515 in
698 3456 759 3518 hoc
781 3456 928 3528 carmine,
952 3462 1004 3516 aut
1026 3456 1066 3515 ad
1088 3471 1133 3526 ea,
1156 3437 1237 3530 quae
1262 3450 1309 3510 di.-

229 3565 342 3647 vinitus
371 3563 535 3633 constituta
555 3563 672 3623 violare
700 3565 787 3624 naias
810 3571 871 3634 est,
906 3568 940 3622 ut
962 3550 1035 3622 Oed.
1056 3555 1309 3621 natio-910.-

230 3672 335 3732 Tenax
357 3671 437 3730 enim
459 3676 507 3729 est
525 3667 638 3730 chorus
657 3659 850 3745 Sophocleus
872 3664 994 3744 pietalis
1017 3667 1076 3726 diis
1092 3660 1306 3740 praestandae,

194 3834 208 3855 N
229 3781 322 3837 tenax
349 3776 541 3836 oraculorum
563 3784 650 3838 casta
674 3782 774 3836 mente
796 3765 1000 3834 colendorum.
1045 3768 1137 3853 9¹¹0d
1154 3776 1245 3842 quam
1267 3765 1308 3824 slt

229 3887 333 3959 aptum
361 3882 402 3941 ad
431 3869 636 3943 consolandos
668 3882 787 3943 animos
810 3879 1028 3954 sedandosque
1061 3871 1306 3935 vehementiores

229 3980 374 4061 affectus,
405 3987 474 4066 quis
496 4005 557 4050 non
578 3989 671 4049 videt.
714 3987 792 4047 Nam
826 3999 906 4062 quae
931 3984 984 4042 uni
1007 3965 1160 4049 accidunt,
1197 3976 1306 4038 eadem

230 4103 311 4155 csse
325 4095 458 4155 omnium
471 4095 654 4155 communia
676 4093 703 4153 si
721 4090 979 4152 demonstraveris
1002 4093 1032 4145 et
1053 4086 1172 4161 legibus
1195 4084 1306 4144 divinis

229 4189 306 4262 esse
325 4189 483 4275 sancitum
506 4202 558 4279 qni
580 4199 762 4278 peccaverit,
784 4197 913 4259 eundem
930 4202 1048 4272 poenas
1063 4193 1176 4264 subire,
1197 4189 1306 4251 mirum

84 4440 266 4592 Λ
