2924 4920
193 361 217 438 2

191 559 295 634 bitror,
317 564 492 625 accusantis
515 567 652 642 speciem
673 583 734 628 non
755 583 827 629 esse
849 584 924 646 prae
946 586 995 631 me
1015 571 1145 632 laturum
1168 590 1269 651 spero.

189 667 293 746 Atque
320 669 442 730 videtur
470 687 521 733 ars
545 673 744 744 Graecorum,
779 691 840 735 non
869 677 968 737 solum
998 695 1078 754 quac
1107 678 1210 740 verbis
1240 688 1270 739 et

191 774 350 835 sententiis
372 775 466 838 utitur
495 777 534 837 ad
564 778 776 852 imitationem,
813 781 869 841 sed
898 784 989 843 etiam
1011 801 1092 861 quac
1113 785 1217 847 formis
1240 793 1270 846 et

189 878 305 956 figuris,
328 897 347 941 a
369 884 601 957 praestantioris
623 882 786 959 cujusdam
806 888 889 948 vitae
905 889 1046 965 imaginis
1064 891 1267 967 descriptione

190 986 231 1048 ad
252 987 423 1050 communis
448 991 530 1051 vitae
552 990 711 1051 veritatem
734 993 963 1069 exprimendam
976 995 1171 1057 descendere.
1191 995 1268 1056 Nam

190 1094 217 1155 si
245 1101 328 1155 recte
360 1110 577 1173 comparamus
616 1111 685 1156 cum
722 1096 832 1157 Phidia
865 1099 1013 1176 Aeschyli
1053 1103 1269 1163 sublimitatem

190 1201 462 1297 sentiremus
485 1218 557 1294 ere
575 1202 921 1294 Palaeste-irride
941 1212 1136 1295 restam
1156 1209 1270 1300 earu·

190 1307 391 1369 chritudinem
409 1304 461 1352 ”-
483 1307 581 1368 soient
602 1307 717 1384 ubique
738 1308 806 1367 'sere
828 1309 858 1367 in
881 1309 989 1369 artium
1011 1312 1167 1373 curriculis
1190 1329 1271 1390 quae

189 1413 332 1476 sublimia
361 1429 511 1476 vocamus
540 1412 721 1474 antecedere
747 1412 884 1490 pulchris
906 1448 946 1458 —
974 1433 1073 1476 nonne
1094 1415 1270 1492 Euripidem

188 1536 359 1598 possumus
382 1519 519 1581 conferre
543 1535 612 1580 cum
633 1517 799 1595 Lysippo?
842 1520 912 1582 Itios
935 1522 1030 1593 enim,
1052 1523 1104 1599 qui
1127 1522 1217 1598 quasi
1239 1523 1270 1581 in

186 1625 655 1697 Deorum-ardis-versabantur,
668 1626 729 1701 :qui
750 1625 843 1697 Deos,
865 1635 945 1703 quoa
968 1626 1158 1700 effinxerunt,
1179 1628 1269 1704 ipsos

190 1739 354 1810 spectasse
380 1742 422 1795 ex
442 1731 665 1808 epigrammate
683 1731 795 1809 aliquo
816 1731 867 1793 -de-
889 1732 970 1794 Jove
987 1735 1271 1811 Phidiae-putandi

190 1845 271 1912 sunt,
292 1839 354 1916 aar·
367 1837 442 1901 nihii
458 1838 520 1901 nist
543 1837 671 1900 deorum
691 1836 891 1915 hamumque.
905 1839 1070 1901 simulacra
1091 1845 1158 1901 arte
1178 1839 1272 1913 digna

189 1950 387 2015 censuerunt,
423 1948 628 2007 secutus-,ast
647 1943 822 2020 Lysippus,
859 1945 912 2020 qui
934 1951 1029 2006 artem
1050 1946 1230 2021 statuariam
1250 1961 1271 2004 a

189 2052 277 2113 coelo
290 2047 391 2127 -quasi
410 2047 444 2107 in
464 2055 576 2110 terram
596 2049 742 2121 detraxit,
770 2056 807 2111 ut
824 2065 920 2119 verae
939 2050 1021 2112 vitae
1044 2050 1271 2115 similitudinem

187 2154 362 2225 imitaretur,
383 2151 595 2230 quimortalis
617 2157 701 2232 regis
722 2153 864 2231 effigiem,
884 2164 1172 2233 quamsuperorum
1186 2157 1274 2232 regis

188 2260 301 2325 summi
315 2259 409 2341 iovis
420 2261 595 2339 ¹imaginem
616 2263 722 2325 maluit
743 2262 922 2338 exprimere.
943 2262 1021 2324 Huic
1036 2270 1139 2324 autem
1156 2263 1272 2325 similti-

187 2382 258 2431 mus
280 2373 330 2431 est
348 2365 520 2447 Euripides
542 2369 595 2446 qui
617 2375 648 2430 et
670 2369 740 2447 ipse
761 2367 950 2443 tragoediam
972 2367 1020 2427 sui
1032 2368 1178 2442 temporis
1200 2367 1272 2426 usui

187 2479 224 2537 et·
244 2473 410 2537 conditioni
440 2473 679 2535 accommodans
708 2473 746 2532 ab
773 2488 811 2532 ee
839 2487 903 2547 quo
931 2469 1092 2531 incedebat
1118 2466 1276 2549 Aeschyli,

188 2585 220 2644 et
233 2578 406 2657 Sophoclis
428 2579 618 2655 temporibus
639 2576 792 2638 cothurno
808 2576 898 2652 quasi
910 2572 1037 2650 dejecit:
1060 2577 1095 2637 ci.
1112 2572 1271 2653 aristoph.

188 2686 306 2760 Renes
319 2682 384 2751 959
398 2683 546 2761 (uinus),
562 2678 674 2748 οἰκεῖα
690 2671 857 2764 πράγματ’
871 2675 1025 2760 εἰςάγων,
1036 2669 1271 2762 οἶς.χρῶμεθ’,

190 2788 443 2872 atrebatenses,-
465 2796 495 2850 et
514 2789 639 2851 Aristot.
660 2789 743 2849 Poet.
766 2803 793 2847 c.
806 2786 907 2848 XXV:
928 2782 1076 2861 oleum
1098 2780 1272 2868 Σοφοκλῆς

190 2893 258 2986 ἔφη
278 2889 380 2972 advoc
405 2891 469 2976 μὲν
489 2892 582 2971 οἵους
601 2893 657 2959 δεῖ
675 2895 810 2967 ποιεῖν,
832 2883 1021 2975 ederaceae
1042 2886 1186 2967 dacica
1202 2883 1273 2953 εἰσί

191 3003 376 3071 otor-raum
388 3003 473 3080 quaed
496 3003 672 3080 Hartungas
689 3032 731 3053 -.
751 2999 792 3061 de
813 3015 876 3076 quo
893 3010 988 3075 quum
1010 2997 1087 3059 inira
1098 2995 1273 3059 sexcenties

190 3111 265 3181 mibi
280 3111 350 3175 erit
370 3107 549 3181 dicendum,
574 3109 639 3170 ¹tric
656 3107 765 3187 statim
786 3104 884 3179 dico,
912 3119 988 3174 mea
1007 3103 1036 3164 si
1057 3101 1273 3167 .uontradicere

192 3217 496 3294 ademptamque
513 3230 638 3283 summo
660 3214 742 3284 viro,
764 3210 959 3273 idciroezaon
981 3208 1140 3282 ignorare,
1167 3205 1276 3284 quanti.

191 3322 323 3400 sicana
342 3337 445 3399 opera.
459 3319 658 3392 aestimanda,
679 3318 844 3392 immoque
860 3313 964 3389 magia
984 3329 1116 3375 acumen
1136 3319 1170 3369 et·
1187 3310 1273 3384 inge,

191 3427 366 3506 uiumeius
387 3428 533 3499 admirer,
554 3445 616 3506 quo
636 3423 814 3501 Euripidem
834 3417 1079 3488 defendentes
1100 3412 1202 3490 magis
1223 3429 1279 3475 mc·

192 3537 307 3609 dolere,
323 3541 411 3597 tanto
433 3546 504 3615 eum
525 3546 744 3608 nonnunquam
765 3525 867 3589 studio
889 3529 1000 3600 poetae
1019 3521 1279 3596 esseabreptmm-

192 3650 226 3709 ut
247 3649 385 3705 veterum
406 3640 548 3703 sinistros
570 3636 616 3698 de·
629 3634 774 3712 Euripide
794 3634 892 3702 iooos,
913 3628 966 3705 qui
985 3628 1098 3689 nuliam
1120 3623 1276 3701 suspicias

192 3751 242 3813 nir
264 3762 373 3811 ansam
394 3746 543 3824 praebent
569 3759 670 3821 neque
694 3747 764 3803 ente
783 3738 975 3811 Hartuugrun
996 3732 1215 3809 praetactum
1231 3725 1273 3785 ain

197 3857 328 3934 gradem
347 3861 462 3931 poetae
483 3849 692 3931 emendaverit
713 3853 744 3908 et
764 3843 891 3907 modum
913 3855 1019 3917 saepe.
1036 3844 1066 3897 et
1093 3838 1201 3911 partes
1219 3829 1279 3905 de.

194 3963 327 4027 senseris
348 3958 518 4023 excesserit
543 3965 586 4003 4-
605 3954 691 4033 quod
711 3953 810 4029 igitur:
823 3950 1001 4023 Hartungas
1028 3935 1279 4003 summaeEuIis

171 4043 176 4053 ’
195 4067 260 4146 pidi
280 4066 384 4132 tribuit
401 4064 495 4137 leudi,
512 4080 584 4125 eum
605 4061 637 4125 id
648 4074 782 4135 semper
794 4050 1023 4117 studiosissime
1036 4061 1109 4109 esse
1126 4048 1277 4110 secutum..

195 4180 230 4237 ut
249 4171 545 4249 tabuiarpraesentt
568 4176 740 4243 temporum
760 4162 831 4227 usui
843 4155 1067 4224 accomodaret,
1088 4150 1276 4226 itemque-tit

196 4278 489 4359 nonus-,quma
504 4270 810 4355 subsannandos
827 4280 913 4333 esse
931 4255 1279 4347 peueanr,.earneept.

467 4418 476 4461 i
