2894 4928
233 251 287 333 22

240 455 288 521 ost
310 447 395 511 ratio.
419 446 563 513 Mulieres
591 447 737 517 cnimde
766 449 860 511 rebus
882 451 1112 521 sublimioribus
1134 455 1323 523 disserames

228 554 410 634 ,mumulino
434 560 557 619 utuntur
579 570 690 629 genere
707 556 881 625 verborum.
904 557 1048 626 ctscttot.
1070 560 1255 636 Rectissime
1268 581 1347 627 ne·-

236 666 292 741 gpt
323 659 431 721 Pollux
458 656 519 723 hoc
547 656 778 740 παραβάσεων
807 679 905 738 genus
934 672 1006 731 esse
1036 668 1192 743 tragicum,
1229 672 1322 739 immo

239 764 388 841 accedere
410 762 451 825 ad
472 765 652 831 cutaoediae
674 767 909 837 similitudinem.
944 768 1094 848 Exempla
1115 773 1206 850 buitta
1229 793 1321 852 gone

238 873 281 951 tis
304 878 377 937 sunt
395 869 491 935 baec:
512 871 625 931 Alcest.
648 890 677 930 v.
698 871 760 939 977
786 893 854 952 sqq.
883 876 961 939 Med.
985 874 1211 945 toto-1105.
1233 883 1322 949 Herc.

232 980 293 1051 sur.
316 977 368 1049 cir.
389 975 538 1051 Hartuug.
562 974 600 1035 ud
631 994 658 1037 v.
681 976 743 1047 646
776 980 823 1041 ed.
846 999 870 1043 s.
892 981 1039 1058 Halous.
1059 984 1124 1045 Hel.
1148 984 1238 1051 1997.
1267 991 1320 1067 l'rg.

238 1068 348 1162 capys.
371 1081 421 1141 Vl.
444 1079 478 1141 el.
499 1079 644 1143 Wclcker
665 1101 694 1161 p.
716 1082 786 1151 535.
809 1086 953 1165 llartong.
975 1089 1005 1160 l.‚
1029 1087 1097 1163 139,
1125 1093 1177 1154 ubi
1199 1110 1320 1159 carmen

238 1191 346 1269 legitur
369 1186 540 1251 doctrinam
561 1187 776 1265 Anaxagorae,
799 1210 861 1269 quo
884 1196 1031 1271 magistro
1053 1214 1146 1263 nsum
1160 1215 1234 1272 esse
1248 1217 1322 1278 poe-

236 1306 301 1379 iarn
329 1298 458 1365 constat.
480 1292 655 1369 explicans,
684 1298 717 1361 lt.
740 1298 796 1357 inc.
820 1296 888 1362 tta
912 1298 980 1365 177.
1019 1302 1124 1365 Matth.
1151 1304 1191 1367 de
1213 1306 1322 1373 eodem

239 1408 418 1485 argumento
451 1396 698 1467 disserentium
664 1402 830 1473 tantu
857 1400 936 1469 29
979 1409 1015 1469 cl.
1037 1409 1231 1489 Wetclerp
1251 1408 1321 1477 540

236 1508 360 1606 {lippol
370 1506 434 1567 vel:
477 1494 711 1595 ᾗπηλὶάκις
692 1512 884 1589 aesopicum
899 1516 1060 1594 φροντίσι
1071 1517 1321 1598 συγγεγένημαι,

236 1604 295 1687 pal
323 1601 503 1692 διεζήτηχ’,
533 1602 670 1681 ὁπόθεν
698 1613 782 1679 ποτὲ
809 1613 877 1685 κτλ.
919 1618 1111 1699 tranungt,
1133 1619 1190 1700 55
1219 1623 1320 1701 Sabat.

238 1715 397 1793 mistopb
418 1714 472 1797 Eq
498 1713 587 1787 1290

319 1824 376 1903 ilis
390 1824 538 1900 exeeptis
559 1823 688 1889 chonam
708 1826 875 1889 Alcestidis
904 1829 1035 1891 similem
1061 1847 1134 1895 esse
1156 1832 1320 1911 Sophoclis

230 1931 369 2026 judico.
410 1929 560 1997 convenit
594 1931 674 1991 enim
711 1931 826 2007 optime
857 1933 969 1994 actioni
1004 1952 1061 1996 nee
1087 1946 1191 2001 namot
1219 1943 1320 2005 solnm

236 2038 316 2105 acad
347 2037 378 2097 in
413 2034 483 2103 aliis
508 2035 638 2109 iabulis,
667 2035 725 2097 sed
752 2037 844 2099 etiam
876 2040 1019 2115 proponit
1053 2047 1225 2113 sententias
1252 2051 1320 2121 uni-

236 2158 374 2219 varsas„
408 2157 489 2218 quas
517 2141 645 2219 copiose
674 2151 804 2237 exornat
830 2145 1006 2224 quibusque
1033 2164 1097 2211 rem
1126 2160 1318 2226 praesentem

235 2248 400 2327 sulunaeit.

319 2353 482 2417 Medeae
503 2352 631 2424 chorus,
667 2355 720 2431 qui
752 2359 873 2415 constat
901 2374 918 2417 e
945 2357 1122 2417 mulieribus
1144 2354 1315 2428 Corinthiis,

230 2459 337 2538 ppodit
358 2457 499 2533 Medeam
520 2473 540 2518 a
561 2456 676 2517 Jasone
697 2472 819 2517 summa
841 2455 1024 2517 contumelia
1045 2451 1188 2519 affectam
1209 2459 1316 2536 deplo-

235 2580 317 2629 rans.
359 2561 520 2635 lmmerito,
543 2569 655 2631 canunt
675 2561 774 2638 primo
797 2560 925 2627 stasimo
947 2579 976 2622 v.
998 2557 1184 2627 tls—443
1204 2582 1315 2637 sexum

231 2668 413 2737 muliebrem
435 2684 454 2729 a
474 2668 575 2745 poetis
598 2683 670 2729 esse
692 2668 891 2742 castigatum,
922 2667 1148 2743 prosperius,
1173 2671 1205 2732 id
1232 2672 1316 2747 qnod

234 2775 359 2847 Jasouis
381 2773 523 2850 exemplo
546 2770 754 2844 confirmatur,
776 2774 816 2839 ad
838 2773 1073 2835 inconstantiam
1093 2773 1316 2854 perfidiamque

236 2883 322 2949 uun.
345 2879 574 2957 Neepudorem,
595 2878 863 2956 pergitmoresillo
887 2864 1025 2954 tempore
1038 2887 1205 2954 regnantes
1216 2883 1316 2959 respi-

229 2988 332 3059 ciens,
353 3001 410 3045 nee
428 2983 629 3061 iurisiurandi
652 2985 846 3049 sanctitatem
869 2991 960 3057 stare,
982 2982 1040 3047 sed
1060 2982 1102 3049 ad
1118 2989 1223 3053 coelos
1240 3006 1316 3055 avo-

235 3081 327 3167 lasse.
374 3091 407 3159 In
449 3091 601 3167 colloquio
640 3091 781 3168 sequenti
818 3088 948 3151 Medeae
992 3106 1063 3149 cum
1095 3090 1211 3156 Jasone
1253 3111 1316 3175 ,per

231 3198 363 3270 ,chorum
395 3202 488 3273 poeta
506 3196 681 3279 significat,
719 3197 817 3259 ulnus
846 3212 866 3255 a
894 3194 1034 3273 partibus
1062 3201 1123 3257 stet
1146 3199 1265 3274 justitia
1285 3216 1314 3258 v.

233 3300 305 3377 579.
326 3297 397 3374 599,
418 3308 449 3363 et
470 3318 524 3378 per
546 3308 641 3365 totam
662 3303 797 3363 iabulam
820 3308 997 3365 constanter
1023 3302 1138 3365 chortis
1160 3319 1228 3365 cnm
1250 3301 1314 3365 Me-

231 3410 300 3479 dea,
326 3407 399 3469 iacit
426 3416 557 3485 excepta
584 3409 749 3471 liberorum
771 3409 883 3481 caede,
918 3425 1011 3485 quarn
1044 3405 1314 3474 vehementissime

234 3518 399 3595 impugnat
441 3513 545 3575 Altero
575 3515 704 3577 stasimo
732 3515 816 3577 nimii
845 3514 959 3576 amoris
985 3515 1133 3592 impetum
1161 3514 1314 3587 describit,

236 3637 298 3703 quo
322 3624 408 3695 optat
428 3635 467 3679 ne
488 3619 557 3694 ipse
579 3627 730 3695 tangatur.
772 3620 895 3683 tasonis
925 3620 1006 3681 enlm
1032 3619 1112 3681 haee
1139 3628 1187 3685 est
1214 3624 1314 3700 culpa,

232 3727 329 3811 quod.
348 3726 443 3787 niutio
466 3741 569 3789 antone
592 3727 725 3803 agitatus
747 3743 807 3789 non
830 3731 992 3791 contentus
1013 3740 1067 3797 eo,
1103 3744 1196 3806 quem
1216 3724 1314 3788 babe-

232 3834 295 3915 bat,
315 3831 443 3893 Medeae
465 3846 577 3904 anone,
599 3833 675 3894 alias
697 3848 823 3909 quoque
844 3828 972 3892 feminas
993 3829 1109 3895 adibat.
1140 3833 1217 3894 Tum
1239 3831 1314 3895 cbo-

230 3955 286 3999 rus
310 3937 449 4014 deplorat
469 3937 613 3997 miseram
637 3937 764 3999 Medeae
794 3936 1006 4007 conditionem,
1024 3936 1065 3997 -id
1085 3947 1133 4001 est
1153 3940 1313 4018 imminens

233 4043 358 4127 exsilium
387 4043 574 4121 lasonisque
603 4043 762 4120 perfidiam
789 4043 988 4109 abominatur.
1039 4042 1163 4105 Stasimi
1184 4041 1262 4105 tertii
1283 4055 1311 4095 v.

232 4143 297 4234 819.
316 4165 385 4231 sqq.
413 4148 493 4217 duae
522 4157 593 4213 sunt
621 4129 739 4235 partes,1
771 4165 901 4229 quarum
929 4149 1025 4211 altera
1046 4144 1312 4223 laudescontinet
