2894 4928
1210 389 1256 465 51

184 607 276 669 supra
296 589 438 651 indicavi.
460 589 558 665 Quum
580 589 610 651 in
634 589 789 667 Sophocle
811 589 842 650 id
858 589 1053 667 potissimum
1066 588 1259 660 admiremur,

184 699 265 777 quod
287 696 428 758 omnibus
451 695 528 758 inter
549 713 584 759 se
607 697 759 774 copulatis
788 703 818 757 et
839 695 880 756 ad
901 713 996 757 unum
1018 695 1142 756 directis
1164 702 1261 757 totum

181 803 328 883 quiddam
349 801 458 875 edicit,
478 801 643 879 Euripides
666 803 835 863 tabularum
860 809 1029 864 structuras
1050 803 1093 862 ita
1114 800 1204 873 eluit,
1226 808 1262 861 ut

183 910 322 971 membra
343 909 432 986 quasi
455 908 607 977 emineant
628 915 721 986 atquc
743 914 872 980 exstent,
894 915 1121 986 corpusautem
1139 910 1262 969 tabulae

183 1017 264 1078 omni
286 1023 388 1076 careat
409 986 618 1077 concinnitate.
666 1015 772 1091 ltaque
799 1014 926 1075 chorum
949 1015 1066 1076 sensim
1089 1032 1108 1075 a
1129 1021 1193 1076 tota
1214 1015 1259 1074 ia-

182 1124 253 1185 bula
274 1121 417 1182 recedere
434 1119 548 1196 judico,
571 1121 612 1181 ita
633 1128 666 1182 ut
683 1121 712 1181 in
727 1121 840 1182 ultimis
857 1121 969 1182 tabulis
985 1119 1157 1199 Euripidcis
1178 1122 1260 1182 nullo

184 1244 254 1289 cum
275 1228 434 1304 agentibus
456 1227 651 1288 necessitatis
675 1227 794 1289 vinculo
816 1226 997 1303 conjunctus
1019 1259 1060 1271 -
1082 1228 1096 1286 i
1104 1234 1193 1288 ortu
1206 1228 1260 1287 ito

184 1335 262 1395 enim
284 1333 383 1411 prodit
407 1366 451 1378 -
479 1349 585 1394 eorum
612 1350 694 1410 quae
716 1341 847 1410 aguntur
873 1332 1031 1411 negligens
1053 1334 1163 1409 longas
1186 1349 1260 1393 con-

184 1441 276 1501 tinuet
302 1441 491 1502 narrationes
520 1442 609 1517 epico
638 1441 742 1501 colore
769 1438 956 1517 profluentes
983 1447 1013 1500 et
1042 1439 1166 1500 adrem
1188 1438 1262 1499 nihil

183 1547 377 1624 pertinentes.
419 1545 485 1601 Hoc
509 1543 629 1603 videtur
650 1545 875 1622 Aristophanes
896 1547 1071 1624 vituperare
1096 1543 1263 1622 (scutit

184 1668 253 1726 sqq.
276 1645 362 1707 Diod.
386 1649 420 1706 cl.
443 1647 568 1725 schol).
610 1650 715 1734 ltaque
738 1652 867 1716 Goethio
891 1653 1052 1726 assentior,
1073 1669 1167 1729 quum
1191 1653 1263 1714 dicit

189 1748 409 1832 (beiehoebiet
431 1751 486 1816 mit
500 1750 600 1830 §letter
612 1756 648 1831 1.,
669 1753 747 1831 69);
768 1753 820 1834 3η
842 1758 892 1822 bet
914 1758 1028 1823 stetten
1049 1755 1167 1839 Spauta
1188 1757 1262 1841 gicht

184 1858 232 1939 tib
255 1855 302 1921 bie
323 1854 493 1941 buuquup
518 1857 713 1942 immetmebt
734 1859 786 1925 int
808 1859 1053 1947 iiltioutiuteteffe
1079 1862 1189 1946 authu,
1211 1864 1262 1931 bet

183 1961 265 2048 bitot
288 1962 422 2045 cttdteiut
450 1960 495 2043 oft
517 1961 566 2028 ult
589 1964 637 2028 eiu
660 1961 780 2047 libiaco
800 1963 1018 2052 petronium,
1052 1969 1101 2036 ult
1125 1971 1173 2037 elo
1195 1969 1262 2055 uui:

182 2069 314 2150 geetbtct
337 2067 571 2150 zuoeututttid.
621 2069 666 2138 bt
686 2071 761 2137 tuith
783 2071 950 2156 uuultbip,
981 2074 1043 2140 uub
1066 2076 1140 2160 olio,
1168 2078 1201 2144 iu
1223 2078 1263 2145 ei:

181 2191 248 2239 uem
269 2172 442 2256 lebeubipeu
463 2172 621 2255 poculum
643 2175 787 2258 Sennea,
823 2176 910 2259 pletis
932 2177 1058 2262 uouit,
1093 2180 1177 2264 [ittig
1198 2184 1260 2250 uub

182 2278 351 2363 gethdteub.
393 2283 488 2343 Porro
525 2298 581 2358 per
614 2282 741 2343 chorum
767 2292 862 2360 poeta
895 2285 969 2362 quid
1004 2287 1072 2363 ipse
1102 2289 1260 2354 derebus

182 2388 345 2451 subtilibus
367 2388 478 2448 sentiat
500 2387 652 2463 declarat,
672 2388 987 2466 wilmus-'mutathm
1008 2396 1154 2473 temporis
1177 2398 1261 2476 inge-

180 2496 264 2554 nium
285 2494 428 2571 depingit,
450 2509 512 2569 quo
535 2495 738 2573 suaquisque
753 2497 887 2558 curabat.
911 2499 1134 2563 Gravissimum
1157 2511 1259 2565 autem

183 2604 245 2667 est,
280 2576 363 2675 quod
384 2598 521 2658 seculum
542 2597 695 2677 Euripidis
725 2603 807 2663 cultu
829 2605 957 2667 deorum
979 2608 1147 2686 antiquitus
1169 2611 1262 2673 tradi-

182 2708 281 2764 torum
301 2702 405 2762 relicto
427 2703 521 2779 impia
541 2712 642 2766 mente
663 2723 744 2783 quac
766 2716 856 2770 antea
878 2720 963 2774 erant
978 2714 1064 2775 firma
1078 2722 1170 2794 atque
1188 2735 1259 2779 san-

180 2809 239 2870 cita
263 2809 292 2868 in
313 2808 531 2870 dubitationem
554 2811 693 2873 vocabat.
736 2815 809 2877 Inde
829 2818 942 2881 iactum
964 2829 1020 2893 est,
1041 2828 1075 2883 ut
1096 2839 1115 2882 a
1136 2825 1259 2884 sublimi

179 2914 289 2988 gradu
311 2930 373 2992 quo
403 2913 564 2976 incedebat
586 2915 699 2979 chorus
721 2920 886 2999 Sophoclis
908 2924 947 2985 ad
969 2925 1110 3002 indignas
1132 2929 1260 2990 tamilla-

180 3016 222 3076 ris
251 3017 379 3092 alicujus
408 3028 511 3094 partes
534 3022 743 3086 descenderet.
788 3027 918 3092 Omnino
940 3047 1002 3108 quo
1024 3035 1125 3110 magis
1147 3051 1259 3111 prove-

179 3119 279 3183 himur
307 3129 477 3199 temporum
514 3142 621 3200 cursu,
657 3147 694 3191 eo
728 3134 827 3211 magis
859 3136 974 3197 recedit
1003 3154 1054 3203 ars
1085 3155 1104 3197 a
1131 3138 1258 3201 deomm

178 3227 279 3298 cultu,
307 3227 336 3287 in
371 3246 432 3306 quo
463 3232 684 3310 antiquissimis
718 3242 907 3316 temporibus
936 3244 998 3304 iere
1022 3250 1086 3305 tota
1107 3250 1256 3306 versetur·

176 3332 275 3394 Hodie
296 3333 405 3394 videas
438 3345 551 3413 quanto
581 3339 694 3401 distent
715 3344 793 3404 inter
813 3362 849 3406 se
871 3347 1009 3408 discidio.
1053 3350 1116 3411 Sed
1136 3353 1165 3412 in
1188 3353 1258 3430 ipsa

177 3437 305 3498 Graecia
325 3440 405 3501 idem
422 3442 573 3505 videmus.
596 3444 728 3507 Chorum
752 3455 852 3509 autem
875 3449 1005 3512 sirecte
1027 3453 1160 3515 diximus
1182 3456 1257 3519 deo-

177 3552 243 3596 rum
264 3555 336 3599 esse
356 3549 563 3623 sacerdotem,
597 3550 636 3611 ab
659 3552 708 3615 illo
731 3561 836 3631 poeta,
869 3556 922 3633 qui
950 3556 1026 3619 deos
1049 3561 1215 3638 populares
1237 3581 1257 3624 a

177 3642 347 3719 principatu
368 3649 459 3722 quasi
481 3651 605 3724 dejecit,
637 3660 765 3731 pristina
788 3664 973 3726 sublimitate
995 3682 1067 3729 esse
1089 3669 1254 3745 spoliatum

176 3750 299 3810 minime
319 3752 428 3812 mirum
450 3761 505 3816 est.
548 3757 679 3834 Vigente
704 3764 783 3824 enim
811 3770 989 3833 auctoritate
1018 3772 1144 3835 deorum
1168 3776 1254 3839 chori

176 3855 310 3931 dignitas
331 3859 424 3935 viget,
447 3873 627 3927 senescente
649 3870 789 3932 senescit.
811 3910 854 3923 -

595 4120 811 4135 -——--—
