2894 4928
238 296 264 374 ί

229 497 606 563 studiosissime-secutus
629 509 693 574 est,
730 511 762 562 ut
785 505 989 579 spectantium
1011 506 1131 569 animos
1153 511 1233 570 molli
1256 515 1315 576 mis

231 607 384 668 serationc
406 617 614 683 permoveret,
643 608 693 668 hic
726 626 851 685 quoque
880 613 1067 688 saepissime
1094 615 1234 684 videmus
1256 635 1312 679 ex-

229 730 381 790 pressum.
425 714 511 776 Odcf.
533 716 668 776 Muelleri
690 715 849 777 Archaeol.
880 737 908 794 p.
933 717 1000 781 111.
1043 720 1106 781 Sed
1133 738 1172 781 ne
1200 723 1309 798 longus

229 821 404 898 simulque
432 839 451 881 a
475 838 509 881 re
539 822 693 893 aberrem,
724 821 784 882 hoc
814 823 909 903 allero
932 825 972 886 ad
994 826 1096 903 ipsum
1118 830 1308 904 propositum

228 926 392 1002 pertinens.
413 926 480 987 Non
502 928 581 986 enim
604 929 704 988 solum
726 935 756 988 et
779 930 841 989 vita
857 937 887 990 et
907 932 1062 1006 ingenium
1086 934 1269 997 Graecorum
1291 952 1310 994 a

227 1029 329 1092 rerum
347 1032 533 1108 imaginibus
556 1034 746 1095 descendunt
767 1036 807 1095 ad
829 1047 931 1096 rerum
947 1039 1116 1110 veritatem,
1138 1041 1309 1103 sedetiam

227 1138 369 1210 vincula,
402 1140 515 1216 quibus
538 1148 628 1201 antea
645 1147 730 1202 erant
747 1141 944 1213 constricta,
964 1143 1073 1203 soluta.
1087 1146 1177 1220 quasi
1199 1146 1305 1208 fluunt

226 1244 285 1304 Per
304 1245 525 1321 rempublicam
547 1247 617 1306 inde
640 1265 658 1307 a
679 1254 779 1309 morte
800 1248 925 1309 Periclis
948 1255 1052 1307 manat
1073 1249 1202 1322 licentia,
1225 1254 1310 1313 vitae

226 1351 366 1426 privatae
393 1353 551 1428 integritas
580 1355 783 1429 corrumpitur
818 1352 997 1428 peregrinas
1033 1370 1088 1429 per
1114 1357 1307 1430 meretrices;

226 1452 466 1532 philosophandi
489 1459 648 1519 sinceritas
678 1459 759 1517 insui
781 1457 992 1535 sophistarum
1015 1457 1181 1532 jactatione
1197 1467 1309 1521 ,conta-

227 1560 367 1634 minatus
389 1563 508 1623 dicendi
531 1564 667 1638 gravitas
690 1564 729 1624 ad
751 1565 875 1626 mollius
910 1565 1082 1641 fusiusque
1096 1582 1200 1640 genus,
1216 1565 1312 1625 delle.-

227 1668 293 1741 ctit‚
316 1669 352 1729 cl.
375 1667 430 1729 Od.
453 1668 552 1730 Muell
573 1669 707 1747 Archp.
724 1668 784 1732 792
805 1671 884 1730 actio
906 1677 937 1729 et
958 1677 1113 1731 oratorum
1133 1677 1165 1730 et
1184 1671 1309 1734 histrio-

226 1788 299 1832 num
321 1781 411 1834 antea
423 1776 567 1836 modesta
580 1775 612 1837 fit
628 1775 878 1852 intemperantior
898 1773 1065 1854 (ibidem);
1089 1776 1200 1837 musici
1222 1777 1306 1836 modi

225 1881 405 1956 numerique
433 1889 558 1943 auctore
587 1882 762 1952 Timotheo,
806 1880 960 1956 Euripidis
997 1880 1234 1941 familiarissimo
1267 1879 1313 1950 ab„

226 1984 354 2062 antiqua
372 1987 536 2046 severitate
559 1986 598 2047 ad
619 1985 720 2047 flebile
743 1985 899 2062 quoddam
921 2002 958 2045 ac
980 1986 1070 2047 molle
1089 2000 1188 2060 genus
1200 1985 1308 2044 demu-

224 2096 333 2163 tantur,
355 2091 482 2168 opifices
501 2109 520 2151 a
540 2092 701 2169 tranquilla
722 2093 772 2152 illa
795 2093 980 2153 sublimitate
992 2098 1022 2151 et
1034 2092 1156 2167 placida
1171 2091 1307 2167 quadam

225 2195 406 2270 constantia,
428 2215 520 2275 quam
542 2198 816 2260 Winc'lrelmannus
837 2198 1074 2269 admitatur,=ad
1090 2196 1307 2265 ¹vehementio-

223 2318 276 2364 res
298 2301 427 2366 affectus
448 2304 623 2366 reddendos
642 2305 821 2380 procedunt.
847 2304 924 2365 Nolo
948 2305 1080 2380 amplius
1102 2301 1305 2378 progrediar

225 2416 310 2472 sane·
324 2417 466 2487 apparet,
494 2409 645 2470 licentiam
673 2416 729 2484 per
758 2414 855 2468 totum
875 2410 967 2484 quasi
989 2422 1096 2469 rerum
1119 2406 1305 2465 Graecarum

224 2527 339 2592 corpus
361 2532 494 2576 manare.
516 2515 603 2588 Quod
625 2516 652 2575 si
673 2520 781 2575 verum
802 2519 858 2582 est,
881 2513 1072 2589 tragoediam
1085 2526 1211 2589 quoque
1232 2525 1306 2571 esse

223 2619 366 2682 infectam
387 2623 492 2698 liquet·
510 2621 591 2681 Nihil
612 2622 704 2696 igitur
725 2623 842 2693 mirum,
866 2621 898 2680 si
914 2621 944 2680 in
966 2618 1134 2695 tragoediis
1153 2616 1226 2675 belli
1248 2616 1310 2675 Pes

223 2725 434 2804 loponn'esia'ci
454 2728 645 2804 temporibus
667 2728 790 2804 scriptis
814 2744 884 2788 eam
904 2726 1120 2787 desideramus
1134 2723 1305 2785 fatuarum

225 2834 462 2899 concinnitatem·
480 2842 646 2912 aptamque
667 2835 880 2894 membrorum
909 2830 1178 2908 compositionem,
1211 2840 1307 2909 quam

224 2935 488 3018 insuperioribus
512 2941 716 3003 admiramur..
735 2939 828 3001 llam
849 2945 951 3000 autem
978 2936 1048 2998 dico
1075 2935 1198 2996 fabulae
1231 2949 1306 2995 con-

225 3042 414 3119 cinnitatem,
451 3063 535 3124 quae
556 3047 599 3108 ita
621 3056 669 3109 est
690 3052 883 3123 comparata,
916 3051 950 3105 ut
968 3057 1078 3106 omues
1100 3047 1205 3116 partes
1227 3038 1306 3107 iuter

225 3170 262 3217 se
283 3161 374 3232 aptae
394 3153 619 3229 colligataeqae
640 3153 810 3224 videantur,
837 3157 870 3211 ut
891 3149 965 3210 nihll
984 3145 1144 3221 redundet,
1163 3145 1245 3211 -nilril
1265 3145 1305 3211 sit

225 3253 371 3332 alienum,
386 3265 427 3319 ut
454 3275 536 3335 quae
556 3261 688 3333 aguntur
715 3273 859 3334 quaeqae
882 3258 1042 3324 canuntur,
1074 3246 1309 3329 quodanmudu

225 3367 286 3430 sint
317 3363 398 3426 inter
415 3380 451 3426 se
472 3371 617 3441 pensata,
637 3364 781 3441 denique
807 3371 841 3424 nt
868 3369 933 3424 tota
959 3359 1052 3420 modo
1081 3374 1118 3419 ac
1146 3354 1310 3421 sarmasia

226 3480 402 3550 temperata
426 3472 509 3545 Quae
531 3472 558 3531 si
581 3470 682 3531 omnia
700 3469 872 3544 Sophocles
896 3472 1060 3527 assecutus
1082 3479 1155 3524 esse
1175 3461 1305 3532 videtur,
1375 3511 1378 3517 .

223 3573 400 3657 Euripidem
420 3576 622 3652 negligentius
653 3581 811 3635 versatum
827 3590 912 3647 esse
933 3573 964 3634 in
985 3571 1095 3631 tabulis
1118 3579 1305 3642 componen-

226 3685 275 3749 dls
295 3685 489 3747 statuendum
511 3688 566 3744 est.
587 3683 774 3759 'temporum
794 3680 875 3741 enim
889 3676 1180 3751 licentiaejus'ars
1193 3672 1309 3735 inlecta

226 3799 275 3855 est
303 3791 397 3869 idque
424 3789 538 3867 duplici
564 3789 673 3849 moda:
703 3793 732 3847 et
759 3792 856 3846 metra
883 3792 914 3845 et
939 3785 1110 3845 fabularum
1131 3782 1307 3841 structurae

225 3892 408 3960 dilabuntur.
449 3899 585 3958 Alterum
606 3895 687 3966 illud,
709 3911 728 3954 a
750 3893 872 3954 Godolr.
891 3892 1065 3952 Hermanno
1088 3885 1308 3959 excogitatum,

226 4005 266 4066 de
288 4005 423 4065 Graecae
450 4003 520 4079 ling.
550 4002 618 4063 dial.
651 4021 680 4079 p.
706 4000 756 4060 Ill.
778 3999 1050 4060 luculentissimum
1079 4001 1206 4068 semper
1230 3988 1307 4055 mihi.

225 4105 387 4174 vld'ebatur
408 4111 596 4187 exemplum,
626 4126 687 4185 quo
705 4108 969 4182 intelligeremus,
998 4104 1029 4162 in
1057 4099 1149 4160 rebus
1179 4094 1303 4161 Graccis

225 4211 301 4283 nillil
313 4221 435 4287 temere
450 4222 548 4294 atque
569 4232 645 4277 casu
665 4213 744 4284 lieri,
776 4211 841 4273 sed
855 4201 1308 4281 onmia-arctissimaaocietaf,

448 4327 476 4387 ‘l
