2894 4928
177 573 272 649 carius
289 569 465 634 testimonia
488 564 713 629 sanarhaedra
735 571 765 624 at
777 564 977 641 Hippoiytus.=
992 556 1256 635 Versus-utribus

181 681 297 742 chorus·
314 676 468 739 concludit
482 674 629 744 fabulam,-
645 669 822 732 Boeckhius
845 668 1009 730 aensatda
1017 672 1124 727 morte
1131 663 1258 725 Periclis

178 802 251 848 asse
273 783 534 860 interpretandos,
561 781 592 839 in
614 795 675 855 quo
696 777 889 851 Hartungum
910 773 1005 835 habet
1026 771 1254 843 assentientem

180 892 269 967 Quod
296 892 387 967 igitur
414 889 486 949 alibi
507 891 705 962 peractores
726 882 806 953 iacit
840 882 1024 941 mentionem
1044 876 1257 955 praesentium

180 1007 361 1074 temporum,
382 995 435 1056 hic
455 993 557 1054 tribuit
579 990 682 1062 chara,
701 988 842 1065 idquod
857 986 941 1049 haud
963 987 1030 1047 scia
1051 996 1258 1060 annuuquaat

181 1105 285 1165 fecerit
307 1101 488 1178 Sophocles.
535 1128 537 1133 .
564 1102 579 1149 -ῖ
626 1120 629 1125 ·
744 1122 747 1129 ·
819 1113 822 1121 ·
983 1142 986 1147 .
1095 1140 1098 1146 .

264 1210 351 1282 Quae
375 1208 414 1268 de
440 1206 537 1267 choro
555 1200 724 1278 ¹Hippolyti
751 1198 907 1274 disputavi
936 1196 962 1257 si
989 1197 1103 1257 amnia
1120 1206 1260 1271 compre

184 1316 299 1393 hendo,
332 1314 413 1375 idem
441 1314 504 1374 sere
525 1315 697 1387 putoesse
716 1302 1016 1379 statuendumquod
1037 1301 1077 1362 de
1099 1300 1260 1361 Medea'et

181 1421 343 1482 Alcestide.
385 1419 466 1496 Apte
494 1417 575 1478 euim
603 1411 770 1473 cohaerent
799 1425 869 1470 cum
888 1409 999 1479 rebus:
1015 1423 1109 1485 auae
1126 1411 1261 1482 aguntur

182 1542 321 1603 eaquae
342 1525 495 1586 interemit
514 1521 636 1582 chorus.
668 1517 861 1592 Quamquam
883 1517 1048 1593 quominus
1067 1511 1261 1587 libere-jada

110 1640 116 1649 '
183 1640 284 1701 carata
322 1629 496 1706 prohibitus
524 1632 573 1686 est
598 1622 796 1698 jurejurando
825 1623 1005 1693 obstrictum,
1036 1627 1076 1682 ‹ut
1091 1618 1263 1681 »Phaedrae

185 1751 321 1796 amorem
343 1740 466 1810 tegeret.
518 1729 809 1791 Luculentissimum
827 1727 888 1788 hoc
908 1734 957 1787 cst
978 1724 1264 1804 mampu1m;·unda

184 1847 330 1901 mutatam
358 1839 444 1900 chori
472 1845 612 1897 naturam
641 1834 875 1910 perspiciamus.
909 1833 1081 1909 Sophacies
1103 1828 1263 1892 anim-etsi

183 1956 323 2022 semper*
338 1945 466 2007 chorum
494 1943 598 2018 aliqua
628 1940 815 1999 necessitate
851 1955 920 2000 cum
946 1945 1078 2011 actare
1094 1939 1262 2014 primarum

184 2052 317 2128 partium
336 2050 500 2126 conjunxit,
521 2055 623 2111 tamen
644 2062 708 2106 nen
728 2045 807 2107 adca
827 2046 949 2106 ai-fcait
966 2045 1142 2115 addictum·
1154 2049 1188 2107 ut
1200 2057 1264 2118 per

185 2159 235 2217 ias
271 2163 365 2232 atque
393 2156 481 2214 netas
507 2152 593 2229 quad
620 2152 724 2212 dicunt
750 2152 908 2213 dominum
938 2152 1145 2229 sequeretui,·
1171 2149 1264 2208 imma

186 2261 356 2338 pcmcipaie
375 2257 541 2334 Sophociei
563 2255 648 2318 chori
670 2265 725 2318 est:
739 2274 860 2331 munus,
880 2266 921 2321 ut.
934 2268 1071 2320 actorum
1092 2247 1175 2317 facta
1195 2270 1264 2316 am

180 2367 299 2427 'divitiis
320 2365 440 2441 legibus
463 2369 635 2439 componat.
676 2362 838 2440 Euripides
855 2365 1144 2440 matra-plerisque
1166 2363 1263 2421 idda·

184 2472 266 2533 bulis
304 2471 432 2533 chorum
467 2477 500 2530 ut
535 2468 729 2530 familiarem·
749 2471 802 2530 uei
821 2469 963 2531 'amicum
991 2469 1129 2544 adjunxit
1152 2467 1265 2537 aeteri,

185 2593 277 2653 qaam
298 2578 328 2635 in
350 2575 435 2636 chori
456 2575 797 2652 lecumFrancogaltos
820 2577 1020 2638 substituisse
1042 2571 1266 2639 sormunt-Erit

185 2683 265 2742 enim
287 2679 413 2741 deorum
433 2681 612 2753 reverentia
635 2682 675 2741 ad
696 2700 791 2758 quam
810 2684 926 2745 chorus
948 2680 1143 2758 Sophocleus
1163 2677 1266 2741 onmia

184 2788 292 2849 iterum
314 2786 484 2862 iterumque
504 2794 637 2858 revocat,
658 2789 741 2848 auita
761 2792 826 2850 tere·
846 2791 939 2862 iacta
959 2788 1114 2865 quam-ob
1137 2800 1266 2846 causam

184 2893 270 2955 cheri
291 2900 401 2954 natura
421 2892 587 2952 immutata
629 2892 776 2956 conferas
799 2895 926 2956 chorum
947 2894 1050 2964 tonis,
1081 2893 1134 2969 qui
1156 2892 1202 2952 ita
1218 2896 1267 2959 ast

184 2999 327 3060 dominae
348 2997 507 3068 addictus,
528 3005 561 3058 ut
582 3001 628 3059 ua'·
642 3001 739 3061 verbo
754 3001 879 3077 quidam
902 3006 1012 3061 eam¹·a
1032 2997 1149 3060 nefario
1170 3010 1264 3055 cona*

183 3103 264 3162 mine
286 3101 440 3162 dehortari
463 3102 599 3173 studeat,
628 3104 720 3165 immo
754 3107 898 3166 auxilium
922 3105 1038 3167 offerat.
1060 3099 1266 3165 vnete-vota*

185 3224 247 3286 que
269 3206 375 3268 tundat
396 3206 537 3283 deasque
559 3215 706 3286 precetur,
720 3216 762 3277 ¹ut
784 3227 823 3271 ex
846 3212 997 3273 sententia
1017 3210 1154 3271 Creusae
1175 3209 1267 3268 veiint

184 3326 249 3375 rem
272 3312 496 3374 administrare.

190 3442 193 3453 ¹
266 3420 381 3481 donis
403 3417 524 3480 citerus·
541 3429 611 3481 sunt
624 3436 749 3482 servae
764 3422 923 3493 Creusae·
941 3422 1079 3498 Delphos
1102 3422 1267 3497 profectae,

181 3527 237 3584 ubi
266 3527 305 3586 de
335 3526 463 3586 orbitate
492 3540 553 3587 sua·
579 3527 628 3587 dei
642 3526 999 3604 acciperetrespansa
1016 3528 1121 3589 =Scena
1141 3540 1267 3604 reprae-

181 3630 286 3690 sentat
307 3633 493 3693 vestibulum
514 3635 618 3710 tempii
638 3634 797 3711 Apollinis,
830 3634 914 3711 quod
936 3650 1005 3697 cum
1027 3635 1160 3711 egregiis
1181 3641 1268 3696 asset

183 3735 320 3812 picturis·
333 3743 471 3798 amatum
490 3739 634 3800 mulieres
655 3754 765 3810 rerum,
789 3755 871 3817 quae
893 3740 970 3800 inter
990 3741 1099 3800 donem
1120 3748 1151 3800 et
1173 3739 1265 3799 Grau*

182 3859 251 3902 sam
275 3850 419 3917 aguntur,
454 3861 584 3906 securae
613 3846 653 3906 ad
684 3861 740 3905 eas
769 3846 1021 3921 contemplandas
1044 3846 1265 3905 sacerrimum.

183 3947 321 4010 Parodus
356 3956 404 4009 est
424 3951 516 4024 igitur
536 3951 646 4013 honam
667 3966 798 4028 operum
820 3952 995 4027 descriptid,
1018 3966 1112 4027 quam
1134 3950 1266 4013 alienum

185 4065 252 4108 are
279 4069 351 4114 esse
373 4059 403 4113 et
426 4054 515 4116 inape
537 4064 653 4118 tantum
677 4065 886 4118 ornamentum
898 4055 1267 4132 Hartungummirorae'-

184 4170 287 4231 gassc.
324 4159 345 4228 Ι,
365 4157 436 4221 481.
480 4161 712 4235 euitandam
734 4163 855 4240 proiicit
868 4165 1060 4241 ·spectatcr‚'
1082 4162 1144 4223 uon
1164 4178 1265 4222 rerum

182 4261 310 4323 notitiae
327 4263 499 4333 studiosus
533 4267 749 4331 sadertaltulaa¹
766 4271 1004 4349 compositionis
1031 4267 1265 4348 perspiciendae
