2894 4928
118 210 167 286 36

200 410 245 471 De
267 413 458 480 Troadum
481 418 577 481 ebore
598 418 679 481 idern
700 418 870 493 dicendum,
898 423 984 500 quod
1003 423 1042 487 de
1061 424 1206 503 Hecuba,

118 517 316 595 supplicibus
346 524 478 602 alilsque
504 525 654 587 nonnullis
677 525 797 589 subulis.
839 528 873 589 ln
896 531 962 593 suis
983 532 1080 608 ipsius
1103 535 1206 599 mise-

116 622 170 685 riis
198 636 369 704 occupatus
397 648 458 693 non
480 636 584 707 potest
605 629 643 689 de
665 630 718 704 iis,
747 649 827 710 quae
854 638 1039 712 spectatoris
1065 648 1206 707 mentem

116 738 280 803 morantur,
309 734 683 812 commemoremus
705 754 775 801 eum
796 740 942 804 Hecubae
974 745 1205 817 lamentationi,

114 833 175 897 bus
198 838 328 901 miscent
353 848 480 903 suaset
501 856 571 901 cum
593 843 701 905 Graeci
719 853 790 907 sunt
810 862 909 909 naves
932 851 1076 925 soluturi,
1105 853 1203 913 anxie

115 952 280 1017 quaerunt,
310 947 465 1024 quodnam
488 947 547 1009 sibi
571 948 600 1009 in
623 949 758 1012 liostium
781 956 1014 1016 temeraturum
1036 957 1075 1017 sit
1097 955 1203 1019 domi·

114 1045 216 1109 cilium
243 1059 427 1129 etquenam
456 1070 571 1117 usurae
598 1055 660 1117 sint
681 1057 809 1118 senuna
858 1059 982 1135 Repetit
1004 1061 1119 1123 chorus
1142 1067 1201 1140 qul

112 1152 223 1227 legitur
250 1174 278 1216 v.
300 1155 381 1221 1053
401 1174 471 1236 sqq.
508 1162 621 1223 multos
648 1161 742 1238 hunus
772 1163 916 1225 carminis
936 1164 1032 1227 locos
1079 1167 1200 1230 Deinde

110 1255 257 1323 Hecubae
278 1280 307 1323 v.
329 1259 392 1325 lle
412 1279 482 1341 sqq.
512 1265 585 1328 huie
612 1269 680 1328 loeo
710 1274 781 1329 sunt
801 1269 954 1341 simillimi,
990 1288 1083 1348 quam
1104 1274 1198 1335 labu-

111 1364 171 1423 lam
192 1365 236 1425 ita
248 1373 359 1441 poetae
374 1383 447 1430 esse
469 1372 666 1435 observatum
687 1381 825 1449 apparet,
845 1381 879 1436 ut
899 1391 1046 1439 versuum
1062 1393 1197 1453 magnus

112 1484 256 1549 numerus
277 1472 444 1537 levissimis
467 1483 585 1537 tantum
606 1478 699 1539 rebus
721 1478 963 1568 discrepantium
971 1485 1071 1559 possit
1083 1483 1195 1549 afferri.

191 1577 331 1639 Abeunte
352 1576 529 1641 Cassandra
557 1581 671 1644 chorus
694 1600 817 1645 carmen
836 1585 875 1645 de
897 1587 1006 1664 Trojae
1028 1606 1188 1667 expugua-

108 1679 191 1742 tione
211 1683 293 1745 canit
313 1683 355 1745 illi
369 1684 476 1757 simile,
498 1687 583 1764 quod
603 1689 694 1751 estin
710 1688 846 1763 Hecuba,
868 1693 952 1768 quod
975 1694 1028 1770 qui
1048 1698 1091 1756 rei
1115 1713 1193 1772 pos-

109 1785 149 1847 sit
171 1789 334 1849 convenire
368 1792 512 1868 equidem
539 1811 600 1856 non
629 1796 771 1871 intelligo.
828 1797 984 1875 Sequente
1006 1802 1135 1864 stasimo
1157 1805 1188 1865 in

109 1895 335 1966 expugnatione
356 1895 465 1970 Troiae
488 1899 558 1965 olim
580 1916 636 1974 per
657 1899 866 1973 Telamonem,
898 1903 1037 1966 Herculis
1068 1909 1189 1971 socium

107 1995 189 2056 laeta
209 2005 354 2071 moratur,
375 2001 467 2071 aliam
489 2002 580 2078 igitur
600 2006 858 2081 expuguationem
874 2007 1012 2086 adjungit
1033 2013 1073 2073 illl
1095 2032 1189 2091 quam

106 2112 293 2179 exposuerat
314 2108 443 2169 staslmo
460 2112 672 2179 ‚antecedente
715 2113 800 2173 Haec
827 2129 936 2185 anisam
957 2117 1106 2190 praebent
1127 2118 1186 2177 diis

105 2208 272 2282 nascendi,
294 2213 465 2291 quiquam
487 2215 549 2293 ipsi
571 2224 687 2279 tantum
709 2218 877 2292 voluptatis
893 2234 932 2279 ex
954 2235 1057 2280 amore
1078 2222 1185 2281 mulie·

104 2330 173 2377 rum
196 2315 394 2392 Trojanarum
416 2336 642 2396 puerorumque
663 2320 801 2394 eiusdem
823 2322 924 2392 gentis
945 2319 1184 2387 formosissimo,

102 2438 171 2484 rum
205 2424 395 2501 perceperint
426 2422 521 2498 liujus
548 2425 592 2485 rei
621 2423 704 2484 obliti
732 2422 997 2499 noluerintgrata
1018 2423 1113 2498 gratis
1135 2438 1185 2482 re-

103 2527 188 2591 lerre
230 2530 330 2606 Digna
350 2536 431 2601 sunt,
451 2545 535 2607 quae
556 2535 774 2601 memorentur,
814 2528 900 2592 chori
923 2531 962 2594 de
985 2528 1072 2591 lovis
1095 2527 1186 2605 culpa

103 2636 201 2696 verba
219 2654 248 2697 v.
269 2633 329 2699 841
353 2653 422 2714 sqq.
449 2635 548 2712 Hujus
571 2635 773 2699 stasmi-non
794 2653 937 2712 possum,
959 2635 1033 2714 quin
1055 2633 1185 2694 eandem

103 2757 140 2803 ac
161 2742 330 2817 superioris
359 2759 432 2806 esse
453 2744 602 2807 rationem
624 2741 814 2816 confirmem
852 2756 952 2817 renum
976 2741 1071 2811 eninr,
1105 2754 1183 2816 quas

101 2845 242 2910 ridemus
264 2858 335 2912 ante
357 2852 473 2922 oculos,
495 2850 569 2913 nilm
591 2849 730 2924 attingit·

107 2984 135 3015 ι,
180 2954 284 3017 -Tertio
307 2958 436 3020 stasimo
451 2958 585 3035 saepius
606 2961 767 3018 tractatum
787 2962 999 3030 argumentum
1021 2955 1060 3031 de
1074 2952 1185 3029 Troiae

102 3060 229 3123 excidio
243 3062 353 3123 iterum
372 3069 519 3123 retractat·
543 3063 658 3123 chorus
680 3061 849 3136 multisque
876 3061 955 3122 loeis
985 3075 1068 3137 quae
1097 3059 1183 3121 initio

99 3168 222 3228 fabulae
244 3173 310 3229 erat
329 3173 503 3244 conquesta
524 3166 641 3242 repetit
686 3165 751 3225 Sub
772 3162 865 3231 finem
887 3165 1010 3227 labtdae
1037 3166 1072 3227 in.
1089 3179 1184 3241 scena

100 3270 434 3347 sanesplendidissima
446 3270 538 3333 etad
560 3269 733 3335 movendos
754 3277 965 3346 spectatorum
985 3270 1110 3341 unimus
1126 3266 1183 3329 im·

100 3377 205 3454 primis
227 3379 308 3439 lacta
329 3392 523 3440 communem
545 3392 614 3439 eum
634 3377 763 3447 Hecuba
785 3374 903 3452 Troiae,
934 3371 1184 3453 quamllagran-

100 3488 161 3545 tem
182 3489 435 3558 corruentemque
455 3481 554 3551 videt,
582 3480 724 3541 naeniam
745 3480 827 3541 canit
847 3480 992 3559 illamque
1012 3481 1116 3543 valere
1132 3479 1184 3557 ju-

98 3590 161 3651 bet.¹
181 3589 260 3651 Tota
279 3587 384 3647 fabula
406 3586 496 3663 quasi
518 3586 629 3655 naenia
651 3592 712 3659 est,
740 3585 831 3663 quasi
853 3593 962 3649 cantus
991 3585 1130 3662 lugubris
1151 3585 1183 3645 in

98 3693 253 3757 excidium
282 3690 393 3767 Troiae
427 3699 578 3779 cantatus.
621 3693 654 3753 ln
682 3690 743 3753 hoe
771 3692 868 3768 igitur
902 3699 1082 3754 versantur.
1096 3688 1183 3753 chori

99 3799 249 3869 earmina,
283 3812 414 3874 quorum
444 3805 656 3876 argumentum
684 3798 747 3859 lere
776 3798 856 3860 idem
885 3805 941 3861 est
995 3799 1071 3861 Sunt
1100 3796 1181 3861 eaba

98 3904 209 3981 'lrojue
228 3905 292 3965 lata
312 3920 414 3982 neque
434 3920 472 3965 ea
493 3905 607 3976 solum,
639 3921 679 3965 ex
708 3904 821 3981 quibus
850 3920 998 3981 praesens
1020 3905 1182 3979 calamites

97 4027 244 4075 manasse
266 4009 403 4088 putanda
424 4015 481 4081 est,
504 4011 564 4079 sed·
583 4012 674 4081 etiam
696 4026 784 4088 quae·
800 4008 989 4101 antecedunt,
1012 4012 1180 4090 quaeube-

96 4117 161 4181 rius
189 4124 357 4180 canuntur.
391 4114 486 4190 ¹linae
513 4116 621 4183 fabule
646 4132 835 4195 quamquam
862 4115 1051 4195 diepamest
1070 4135 1097 4179 a.
1110 4116 1181 4179 reli-

98 4223 169 4303 quis
192 4230 222 4285 et
242 4224 281 4286 ab
303 4222 436 4303 imagine
457 4222 592 4302 quadam
613 4224 768 4302 perlectae
788 4222 926 4298 fabulae,
963 4240 1057 4305 quam
1078 4227 1179 4286 mente

39 4474 186 4539 fl
