2894 4928
237 301 286 381 la

235 509 314 563 tem'
348 500 523 561 fabularum
562 501 848 578 antiquissimarum
879 501 1045 578 eligerent,
1108 515 1203 580 quarn
1231 504 1320 580 dige-

237 615 339 671 rerent
366 615 396 667 et
411 607 464 667 ¹ad
491 607 565 668 artis
587 614 754 683 praecepta
776 608 1017 680 conformarent,
1044 625 1138 684 quam
1167 615 1200 668 ut
1221 617 1320 670 lotam

235 714 407 778 iebularum
439 713 561 788 copiam
591 721 741 789 perpetuo
778 715 911 775 carmine
943 714 1251 791 comprehenderent,
1287 717 1320 777 iu

237 818 298 881 lioo
320 833 432 894 genere
466 820 543 879 ultra
571 817 649 879 fines
677 819 800 895 evagati
834 836 906 881 esse
934 819 1060 896 putandi
1082 827 1160 882 sunt
1203 822 1320 883 Horum

239 925 399 1002 prooemia
421 916 584 1001 Euripides
605 924 727 985 uidetur
740 927 876 988 imitatus
892 942 972 987 esse.
993 926 1194 1003 Prologorum
1216 937 1320 990 autem

235 1031 267 1091 iu
287 1031 399 1092 sabulis
418 1030 590 1107 Euripideis
627 1032 704 1093 ratio
733 1039 780 1093 est
815 1031 1039 1092 diversissima.
1081 1035 1317 1111 Antiquissima-

238 1155 306 1200 rum
328 1137 409 1197 enim
430 1137 622 1209 fabularum,¹
640 1138 822 1209 Alcestidis‚
844 1137 985 1210 Medeae,
1019 1138 1178 1216 Hippolyti
1200 1141 1320 1216 prologi

232 1263 280 1307 ‚ea
301 1251 419 1305 tantum
440 1251 589 1315 enarrant,
611 1260 692 1320 quae
713 1244 784 1320 ipsa
804 1245 907 1306 sabula
929 1245 1125 1317 continentur,
1148 1248 1240 1306 celeri
1262 1247 1319 1307 lm·

236 1351 341 1427 primis
370 1348 572 1413 recentiorum
605 1348 790 1421 fabularum,
823 1349 1073 1422 Phoenissarum,
1103 1350 1222 1412 Orestis
1253 1366 1314 1414 uon

235 1457 343 1528 solum,
365 1471 446 1532 quaa
467 1453 508 1514 ad
533 1454 634 1530 ipsam
655 1453 792 1515 subulam
813 1457 971 1531 pertinent,
994 1455 1112 1529 docent,
1139 1457 1196 1518 sed
1227 1459 1320 1520 etiam

237 1578 438 1639 personarum
454 1575 548 1636 :quae
578 1566 671 1636 agunt
692 1561 870 1636 progeniem
890 1562 931 1622 ab
954 1577 1014 1622 avo
1036 1570 1129 1640 atque
1151 1571 1243 1625 atavo
1265 1580 1320 1627 co-

234 1667 417 1746 piosissime
437 1666 602 1741 proierunt.
636 1665 704 1726 Hoc
732 1674 841 1727 estex
862 1683 947 1727 more
969 1672 1129 1743 poetarum
1151 1670 1319 1746 epicorum,

234 1774 289 1851 qui
307 1772 350 1833 als
372 1788 433 1832 ovo
454 1769 565 1853 Ledae,
589 1771 674 1847 quod
696 1771 789 1848 ajunt,
811 1774 926 1835 initium
948 1774 1070 1835 faciunt.
1092 1775 1228 1836 Alterum
1250 1777 1318 1855 opi·

237 1880 337 1941 nionis
366 1893 460 1955 quarn
490 1879 640 1954 proposui
673 1879 889 1942 documentum
917 1887 973 1954 est,
1003 1881 1089 1957 quod
1115 1882 1145 1940 in
1166 1882 1315 1945 nonnullis

234 1985 386 2062 Euripidis
408 1985 520 2049 fabulis
542 1984 623 2065 duae
644 1983 782 2045 actiones
803 1985 834 2045 in
855 2000 948 2046 unam
970 1995 1041 2046 sunt
1063 1987 1233 2062 copulatae
1254 1988 1312 2048 Hc-

232 2093 335 2156 cubae
364 2090 576 2153 enimi-fabula
598 2089 679 2151 eirca
701 2107 866 2165 personam
888 2092 1013 2168 quidem
1044 2109 1138 2153 urnam
1166 2096 1315 2167 versatur,

232 2217 294 2263 non
315 2205 418 2265 tamen
439 2196 522 2259 circa
542 2213 634 2257 unum
657 2195 808 2257 actionem
823 2196 868 2275 ¹⁵).
912 2198 1000 2272 Quod
1023 2216 1117 2275 quum
1139 2201 1178 2261 sil
1200 2202 1315 2261 a'vera

232 2306 313 2383 apici
333 2302 477 2367 carminis
499 2303 630 2378 imagine
653 2301 792 2374 alienum,
815 2320 875 2363 non
886 2320 1057 2380 possumus
1069 2306 1215 2377 dubitare,
1236 2305 1312 2382 quin

233 2413 314 2474 idem
335 2409 513 2486 tragoediae
534 2416 661 2471 naturae
682 2409 835 2469 renitatur.
857 2413 1040 2474 Aristoteles
1060 2412 1147 2480 enirn,
1169 2422 1308 2469 summus

233 2520 308 2580 artis
330 2516 523 2586 aestimator,
555 2513 612 2592 (de
639 2522 693 2575 art.
715 2521 796 2591 poet.
819 2533 843 2575 c.
865 2513 902 2592 8)
944 2519 1078 2578 carmine
1103 2515 1192 2594 epico
1217 2528 1312 2574 unam

229 2625 318 2701 iubet
351 2618 577 2699 repraesentari
611 2620 761 2681 actionem
794 2622 962 2700 laudatque
993 2624 1158 2685 Homerum
1191 2627 1226 2683 ut
1248 2636 1314 2681 oe·

233 2731 312 2794 teris¹
328 2729 430 2791 rebus¹
444 2726 743 2803 praestantissimum
772 2728 814 2788 ita
834 2727 928 2804 hujus
950 2731 1117 2806 praecipue
1137 2728 1214 2804 legis
1234 2727 1314 2787 bene

232 2854 369 2916 gnarum.
411 2834 496 2899 ldem
523 2832 676 2908 vituperat
703 2833 781 2894 istos
810 2850 1019 2911 cpopoearum
1051 2831 1312 2911 scriptores-qui

231 2943 371 3006 Herculis
397 2939 575 3015 .Theseique
601 2938 665 2999 lata
693 2946 869 3002 enarrantes
900 2958 997 3018 quum
1019 2940 1165 3003 deberent
1193 2941 1226 3000 in
1251 2946 1312 2999 uno

232 3049 418 3118 consistere,
441 3044 543 3105 omnia
565 3046 744 3121 copulantes
772 3047 938 3124 perlectum
967 3046 1114 3124 quiddam
1135 3055 1167 3106 et
1187 3047 1314 3107 absolu·
1347 3093 1350 3100 .

232 3162 297 3216 turn
316 3150 580 3219 staindelium
594 3153 818 3228 composuisse.
840 3154 927 3214 Hanc
939 3153 1049 3214 summi
1063 3149 1245 3228 philosophi
1263 3150 1316 3210 re!-

232 3258 469 3338 prehcnsiouem
497 3264 530 3317 et
557 3258 588 3321 iu
609 3256 764 3331 Euripidis
784 3256 942 3317 Hecubam
970 3254 1111 3330 aliasque
1133 3256 1312 3316 caderela·

232 3365 322 3427 bulas
345 3371 478 3431 statuere
499 3380 561 3426 non
583 3362 697 3425 dubito.
916 3418 919 3424 ,
1063 3368 1079 3419 f
1142 3406 1146 3413 .

247 3506 250 3513 ·
288 3471 450 3533 ,Tertimn
477 3468 597 3541 habco,
635 3467 720 3543 quod
736 3483 797 3527 ncs
826 3467 978 3543 quasdam
1010 3459 1174 3521 immiscuit
1202 3460 1315 3520 labidis

232 3576 481 3654 ¹digressionibus
503 3571 601 3649 epicis
620 3569 706 3635 haud
729 3569 898 3633 dissimiles.
915 3577 950 3631 ut
969 3567 1134 3631 Euadnam‘
1150 3568 1181 3641 in
1192 3565 1315 3643 suppli-

232 3683 320 3746 cibus
337 3680 546 3760 prodeuntem.
568 3677 657 3739 'Haec
678 3683 779 3739 autem
801 3684 926 3756 poetam
947 3677 1069 3755 epicum
1087 3680 1122 3735 ut
1143 3676 1315 3733 nanontun

229 3789 344 3851 decere
378 3803 494 3850 omnes·
511 3786 731 3858 „consentiunt
777 3792 889 3861 negant
924 3788 1031 3845 autem·
1060 3779 1219 3855 tragicos,
1237 3792 1317 3852 qao-

230 3910 299 3961 rum
342 3896 381 3956 sit
414 3909 465 3955 res
494 3895 548 3957 ob:
564 3893 743 3956 oculos-ita
784 3891 875 3953 nobis
902 3905 1038 3967 ponera
1080 3889 1134 3947 'ulv
1153 3882 1315 3944 rideamus

232 4003 325 4081 eliam
351 4001 476 4062 ex2-alia·
492 4004 1008 4073 nascentemssuenuaqueremn
1030 3988 1317 4052 continuatione-ad

231 4113 595 4167 ‘mm-maz.
1067 4118 1071 4127 ⁴

233 4205 837 4297 ⁴11·erNaffuffiotntmtmtlnlffl.
881 4222 939 4265 ἰῑε
994 4248 998 4259 ·
1046 4208 1151 4282 flii-3:
1198 4206 1306 4279 ,ht-'1³
