2894 4928
225 258 274 341 tt

225 459 316 527 ἴδοι
323 463 357 546 μ’
383 455 443 528 ἄν.
479 464 581 541 Atque
601 465 771 540 parridum,
786 465 821 524 si
836 462 906 526 'totu
926 474 976 528 est
996 473 1123 543 poetae,
1142 464 1309 543 Euripidis,

224 572 305 647 nego
332 570 424 631 rebus
445 569 619 630 convenire.
661 569 827 632 Exordium
854 572 935 632 enim
964 573 1036 632 iacit
1062 589 1082 632 a
1107 584 1205 634 causa
1224 573 1308 644 belli,

225 691 319 753 quam
341 676 401 736 alte
422 676 532 752 repetit
552 692 591 736 ex
612 677 732 737 Paridis
749 676 881 752 judicio,
911 685 977 738 tum
1000 681 1108 740 transit
1126 677 1168 738 ad
1188 682 1307 739 essho-

224 796 301 852 rum,
322 780 456 852 navium,
476 780 590 841 ducum
611 781 800 847 Graecorum
820 783 1070 860 descriptionem,
1091 799 1173 861 quae
1192 784 1308 845 verbo·

223 902 291 946 rum
312 885 438 963 quidem
466 888 570 964 utiquo
601 896 709 950 ornatu
737 889 849 950 vestita
875 890 1029 949 simillima
1048 897 1152 951 tamen
1172 896 1222 951 est
1240 889 1307 949 Ho-

223 992 298 1052 meri
320 990 470 1067 calalogo.
512 992 600 1068 Quod
629 1001 731 1055 antem
764 994 803 1054 ah
825 993 959 1055 Homero
986 996 1194 1072 cummisque
1224 994 1305 1070 epici

222 1097 340 1158 ratione
362 1095 528 1159 abhorrere
550 1102 661 1160 summi
683 1100 738 1160 viri
751 1099 933 1175 judicamnt,
955 1100 1027 1163 idne
1041 1099 1219 1175 tragoediae
1231 1109 1306 1159 con·-

222 1204 325 1263 venire
347 1205 516 1279 putandum
536 1206 604 1267 est?
624 1206 687 1267 Fac
708 1214 811 1266 autem
832 1222 905 1267 esse
922 1223 1036 1278 verum,
1056 1207 1143 1284 quod
1155 1208 1306 1267 Herman-

223 1325 284 1370 nus
306 1309 380 1369 mihi
401 1310 526 1387 quidem
548 1312 708 1372 nonsatis
730 1312 901 1387 persuasit,
923 1318 1041 1387 partem
1062 1311 1172 1389 parodi
1193 1312 1264 1371 inde
1286 1328 1306 1370 a

223 1433 253 1474 v.
274 1411 337 1477 225
368 1415 564 1477 subditiciam
596 1433 683 1488 esse,
722 1451 764 1463 -
807 1417 850 1477 ita
875 1417 956 1476 enim
978 1417 1084 1494 incipit
1105 1432 1240 1486 cannen,
1271 1424 1306 1476 ut

223 1521 507 1600 praestantissimos
536 1537 680 1598 quosque
699 1521 885 1584 Graecorum
906 1523 1138 1585 commemorari
1159 1528 1305 1599 expecte-

221 1643 291 1688 mus
311 1658 353 1673 -
384 1643 455 1688 mea
475 1635 576 1687 tamen
598 1635 703 1705 persto
726 1631 884 1690 sententia.
927 1629 1004 1689 Nam
1037 1631 1096 1690 etsi
1118 1627 1212 1689 choro
1235 1627 1304 1704 qui·

219 1733 290 1793 dem
325 1749 407 1795 novo
437 1735 615 1808 spectaculo
634 1734 865 1811 obstupefacto
896 1735 977 1795 bene
1004 1733 1188 1796 conveniunt
1222 1749 1303 1809 quae

219 1838 302 1898 videt
338 1839 442 1899 verbis
465 1839 640 1911 celebrare,
672 1841 850 1916 tragoediae
871 1834 1002 1902 nonest
1024 1838 1301 1901 accommodatum.

220 1943 352 2004 Scenam
386 1944 467 2004 enim
500 1944 540 2005 ob
563 1945 670 2004 oculos
692 1943 834 2005 videmus
856 1947 1010 2021 positam,
1044 1962 1106 2006 non
1127 1953 1192 2006 erut
1211 1944 1303 2021 igitur

219 2065 275 2111 cur
295 2064 364 2109 eam
385 2050 477 2127 longe
498 2049 693 2111 describeret.
731 2051 814 2124 Sed,
842 2060 875 2114 nt
896 2053 975 2125 dixi,
1009 2069 1049 2113 ex
1069 2051 1156 2113 chori
1183 2057 1231 2112 est
1251 2065 1301 2110 ra·

219 2158 302 2218 tione
323 2155 402 2218 haec
421 2158 521 2218 verba
541 2159 657 2228 iacere,
694 2158 793 2218 omnis
821 2159 912 2234 igitur
931 2157 1131 2235 reprehensio
1153 2173 1191 2216 eo
1212 2154 1299 2223 redit,

218 2263 303 2340 quod
324 2264 438 2325 chorus
460 2265 628 2325 fortuito
657 2263 757 2339 prodit
785 2269 879 2338 alque
899 2279 960 2322 non
981 2268 1084 2336 potest
1103 2263 1228 2334 ignarus
1248 2271 1297 2313 re-

219 2382 294 2440 rum,
316 2385 397 2444 quae
417 2368 478 2428 hac
499 2368 602 2427 inbuta
623 2367 827 2434 continentur,
849 2365 888 2422 ad
910 2365 1011 2438 ipsam
1032 2378 1096 2421 rem
1118 2358 1297 2439 pertinentia

219 2484 336 2534 canere.
379 2471 519 2531 ilabebat
538 2470 619 2528 enim
639 2468 807 2527 exercitum
828 2483 951 2529 summa
977 2467 1048 2531 belli
1070 2467 1212 2544 cupidine
1232 2466 1298 2540 ple-

218 2595 290 2639 num
321 2591 506 2653 summoque
535 2590 604 2634 cum
638 2574 755 2650 impetu
784 2575 823 2634 ab
844 2575 1077 2651 Agamemnone
1111 2571 1298 2649 flagitantem

218 2682 392 2759 depingere,
413 2690 446 2743 ut
467 2680 642 2744 Calchantis
664 2682 824 2757 responsis
846 2683 960 2743 cedens
980 2683 1114 2742 inustam
1137 2679 1299 2755 praeberet

218 2789 453 2864 navigationem.
495 2788 561 2849 lioc
584 2789 664 2847 enim
686 2788 712 2848 si
734 2788 877 2860 iecisset,
904 2794 1037 2848 mentem
1057 2784 1298 2861 Agamemnonis

218 2895 294 2955 inter
316 2896 431 2970 gloriae
453 2894 649 2971 cupiditatem
671 2901 701 2954 et
722 2894 818 2970 patris
842 2893 944 2954 oiiioia
966 2894 1112 2969 agitatam
1132 2893 1213 2952 bene
1228 2894 1297 2969 per-

218 3002 409 3076 spiceremus
430 3017 608 3077 causasque
628 3016 890 3076 cognosceremus
910 2999 1114 3076 sequentium.

183 3096 212 3178 i
303 3125 332 3165 v.
351 3095 416 3186 503
437 3123 516 3182 sqq,
540 3106 607 3166 Hoc
629 3121 751 3165 carmen
772 3105 1072 3181 praestantissimum
1094 3113 1142 3166 est
1164 3120 1298 3180 vereque

218 3211 374 3287 Sophocle
394 3211 527 3288 dignum.
559 3212 651 3288 Optat
672 3211 752 3271 enim
773 3210 888 3272 chorus
909 3227 948 3271 ne
969 3210 1081 3272 nimius
1104 3226 1174 3271 enm
1195 3208 1298 3284 oppri-

217 3324 282 3377 mat
304 3333 398 3389 antor,
430 3335 523 3394 quem
550 3319 610 3380 nisi
632 3318 752 3381 modus
783 3325 924 3379 coerceat
951 3316 1068 3394 quanta
1094 3329 1200 3375 secum
1222 3313 1298 3371 ierat

218 3425 307 3495 mala,
328 3425 470 3486 illustrari
491 3427 632 3501 exemplo
653 3424 781 3484 Paridis.
823 3424 896 3483 Inde
917 3423 1013 3493 enim,
1041 3429 1076 3481 ut
1102 3417 1298 3497 supradixit,

217 3531 371 3590 funestum
383 3558 393 3586 ,ι
406 3529 467 3590 hoc
494 3531 606 3591 bellum
628 3530 776 3589 Graeciae
805 3528 970 3590 exstitisse.
1014 3527 1142 3589 Carmen
1164 3527 1222 3586 etsi
1242 3540 1298 3585 ve-

219 3636 430 3698 nustissimum
452 3643 501 3696 est
522 3643 551 3696 et
565 3635 786 3704 mollissimum,
808 3642 909 3695 tamen
930 3651 1054 3695 scenam
1069 3630 1297 3694 antecedentem

218 3741 292 3803 nihil
313 3742 448 3819 respicit,
463 3758 550 3819 quae
572 3749 690 3819 putrem
712 3739 907 3811 necessitate,
928 3746 962 3800 ut
978 3741 1042 3801 sibi*
1055 3736 1184 3808 uidetur,
1206 3751 1297 3796 coac-

219 3858 296 3919 tum,
325 3855 358 3908 ut
378 3847 470 3908 illium
491 3847 669 3919 immolaret,
690 3852 927 3924 repraesentans
948 3844 1064 3920 largam
1086 3839 1181 3903 habet
1201 3838 1298 3902 mate-

218 3955 299 4023 riam
315 3954 379 4031 upti
401 3953 518 4014 cantici
561 3951 764 4014 Nihilominus
791 3954 930 4028 neglecta
951 3952 1017 4011 hac·
1039 3954 1202 4012 cananum
1218 3964 1298 4011 oon-

220 4059 382 4131 iliotlone,[
400 4059 513 4137 quibus
535 4060 725 4135 Agamemno
752 4058 904 4119 divellitur
926 4064 962 4117 tet
982 4054 1172 4127 distrahitur,
1201 4062 1242 4117 et
1258 4056 1296 4119 lle

221 4182 301 4246 quae
318 4164 446 4229 tabulae
459 4181 601 4228 :cursum
612 4164 791 4242 exitumque
810 4169 1001 4241 promovent,
1034 4176 1158 4240 semper
1175 4161 1297 4223 'lere’in
