2894 4928
189 1231 321 1315 dlorus
346 1226 551 1331 loripldous
576 1225 805 1326 comparatus
831 1237 911 1303 oum
937 1213 1145 1321 sophocleo:

582 1432 748 1451 ῃ
805 1434 819 1457 ,’
902 1440 907 1455 Ι
955 1442 960 1454 ι

234 1631 385 1723 Cogitanti
417 1642 491 1704 milri
520 1643 559 1702 de
591 1641 828 1718 artis‘tragieae
850 1640 1036 1702 Graecomm
1057 1630 1216 1715 deprava-i

130 1752 220 1826 tione,
242 1754 355 1832 quibus
378 1750 498 1811 indiciis
521 1755 630 1826 posset
651 1748 840 1825 deprehendi
863 1746 1064 1824 apertissime,
1087 1758 1213 1805 summa.

128 1863 204 1922 ratio
237 1859 400 1920 videbatur
426 1855 572 1916 habenda
598 1862 771 1929 tempomm
803 1852 996 1913 discriminis.
1038 1849 1106 1912 Non
1127 1850 1211 1910 enim·

128 1969 235 2046 potuit,
262 1980 357 2043 quum
385 1961 456 2021 belli
484 1959 736 2036 Peloponnesiaci
766 1959 957 2037 temporibus
984 1959 1027 2019 ita
1048 1961 1217 2018 conomius·

127 2081 232 2134 rentur
262 2078 292 2130 et
317 2070 383 2128 vita
409 2075 440 2127 et
467 2066 643 2142 respublica
671 2073 702 2126 et
722 2073 840 2127 mentes
863 2066 1128 2142 cogitationesque
1149 2059 1216 2122 ho-'¹

130 2177 257 2245 minum,
289 2180 323 2232 ut
348 2172 566 2241 dilaberentur,
604 2186 685 2247 quae
712 2179 803 2232 antea
830 2179 915 2232 erant
941 2171 1127 2240 tinnisslma,
1156 2162 1215 2228 ars'
1322 2180 1330 2195 ⁴

70 2291 86 2297 ’·
130 2281 247 2356 tragica
268 2294 330 2338 una
350 2276 496 2338 resistere
517 2275 652 2337 omnium
674 2292 775 2336 retum
796 2277 909 2337 ruinae.
945 2278 1040 2336 immo
1061 2272 1216 2352 quoniam

129 2386 218 2446 facile
239 2384 423 2461 perspicitur
443 2389 603 2459 poetarum
625 2383 820 2459 antiquorum
843 2383 891 2442 vel
906 2381 1081 2459 quicunque
1101 2379 1131 2438 in
1153 2378 1216 2438 altu

129 2511 190 2570 quo
213 2492 281 2553 sive
303 2489 376 2551 artis
400 2489 467 2549 sive
489 2487 645 2548 doctrinae
667 2503 779 2564 genere
800 2488 983 2548 excellentes
1000 2487 1129 2558 fuerunt
1150 2488 1217 2547 sua

130 2612 284 2674 quemque
300 2613 370 2656 cum
392 2601 493 2655 aetate
515 2594 675 2654 arctiorem
697 2593 813 2654 habere
835 2592 1087 2670 conjunctionem,
1103 2595 1216 2669 'quarit-

130 2719 211 2781 quos
232 2692 381 2763 'recentior
403 2709 489 2761 aetas
509 2700 736 2772 tulerit-artem
759 2701 880 2762 itacum
897 2708 1070 2779 temporum
1089 2699 1210 2760 ratione

131 2807 306 2878 cohaerere,
329 2812 364 2866 ut
385 2822 447 2883 quo
469 2806 569 2881 magis
589 2804 668 2866 haec
691 2813 965 2884 corrumperentur,
993 2823 1032 2868 eo
1054 2796 1216 2882 magistet

131 2913 181 2974 illa
209 2913 378 2991 apn'stina
405 2913 579 2973 sinceritate
606 2914 840 2988 integritateque
860 2914 1034 2984 recederet,
1052 2900 1217 2973 ¹necessse

128 3018 208 3076 rium
228 3020 294 3076 lere
314 3019 443 3077 videtur.
486 3020 581 3078 Recte
602 3017 708 3091 igitur,
741 3017 864 3093 opinor,
889 3014 932 3078 de
953 3016 1217 3083 chonomorem

128 3126 288 3197 poetarum
309 3121 502 3196 tragicorum,
523 3121 576 3198 qui
595 3122 783 3200 principibus
805 3121 899 3200 hujus
918 3127 1039 3202 generis
1062 3118 1134 3187 sunt
1147 3118 1217 3189 'aus’

127 3226 320 3298 numerandi,
342 3242 441 3303 pauca
464 3226 631 3301 additurus,
657 3228 738 3291 hanc
758 3246 817 3306 ego
845 3247 971 3309 quoque
997 3233 1080 3293 viam
1107 3231 1216 3308 ingre·

128 3331 202 3404 diar,
223 3338 257 3393 ut
277 3347 481 3411 quaecunque
501 3336 577 3394 alter
596 3335 647 3394 vel
668 3351 805 3396 novasse
823 3338 873 3396 vel
887 3337 1068 3402 immutasse
1079 3332 1216 3412 videtum<

127 3453 166 3497 ea
194 3434 234 3498 ad
261 3445 435 3517 tempomm
465 3440 598 3499 maxime
625 3436 803 3498 discrimina
828 3436 989 3499 referanr.'
1014 3437 1208 3505 Intervallum

129 3543 209 3600 enim
231 3559 396 3615 annorum,
418 3560 480 3621 quo
502 3544 597 3606 distat
617 3543 790 3622 Sophocles
813 3544 851 3604 ab
869 3543 1028 3621 Euripide,
1062 3548 1119 3608 etsi
1136 3549 1216 3610 bre··

129 3643 291 3705 vissimum
313 3656 377 3716 est,
406 3650 480 3708 artis
501 3657 603 3711 tamen
625 3648 824 3723 est'tantum
852 3659 886 3712 ut
903 3650 972 3727 jure
993 3653 1124 3727 mireris,
1151 3656 1213 3733 qui

128 3751 281 3829 potuerint
302 3751 411 3815 eadem
433 3760 535 3814 aetate
555 3753 709 3814 contineri.
752 3757 835 3819 Artis
865 3765 967 3819 autem
988 3760 1205 3834 diversitatem,

128 3857 244 3935 quippe
264 3875 345 3936 quae
366 3860 396 3919 in
420 3875 540 3921 summa
563 3867 701 3922 versetur
722 3859 952 3940 disceptatione,
974 3867 1016 3928 ita
1035 3875 1069 3929 ut
1085 3866 1207 3929 difficile

127 3962 279 4038 videatur,
302 3982 365 4042 qua
386 3966 495 4027 deceat
514 3967 625 4028 mentis
647 3969 831 4043 ingenuitate
843 3969 996 4046 judicare,
1017 3991 1075 4036 nos
1097 3975 1138 4036 ad
1157 3971 1215 4038 ἰοὶ
1238 4052 1242 4061 ¹

129 4066 190 4127 tius
212 4071 285 4131 artis
308 4072 457 4148 Graecae,
488 4075 588 4151 qualis
611 4076 698 4136 luerit
719 4074 851 4138 diversis
873 4074 1078 4154 temporibus,
1103 4077 1211 4145 diver-¹

128 4175 250 4237 sitatem
275 4180 499 4241 revocabimus.
532 4179 597 4253 Quo
618 4181 699 4240 lacto
720 4197 769 4242 me
790 4192 904 4244 temere
921 4184 1087 4260 judicantis
1110 4187 1213 4248 teme-‘1

128 4293 224 4357 reque
243 4276 433 4360 Euripidem,
462 4303 555 4365 quom
577 4287 668 4363 longe
690 4288 845 4366 Sophocle
866 4305 940 4353 esse
961 4290 1138 4359 inferiorem
1154 4306 1203 4355 aa¹

933 4405 950 4468 t
