2894 4928
249 257 297 343 id

246 444 423 525 sententtd·
448 461 487 524 Ut
509 463 600 540 igitur
620 468 743 530 omnino
756 469 928 546 Sophocles
945 470 1072 535 chorum
1095 474 1135 536 ad
1156 477 1327 543 animi-ma-

243 569 459 643 numnquam
479 571 644 634 verissime
671 574 799 646 effinxit,
830 578 873 637 ita
893 578 966 648 hac,
995 596 1088 655 quem
1115 581 1325 663 deditchoro,

243 671 448 737 inconstantia
470 681 563 752 atque
584 680 783 741 mutabilitate
805 682 914 743 mentis
937 683 1073 761 depingit
1093 688 1324 773 quodammodo

244 788 333 854 spem
354 786 545 857 metumque,
577 785 654 846 inter
687 803 768 863 quae
789 788 848 863 ipsi
872 796 1048 864 spectantes
1065 798 1224 871 'suspensi
1238 805 1324 877 tane*

242 893 319 947 nur.
361 885 427 947 Non
459 888 539 949 adm
561 890 617 951 lert
638 892 758 967 animus
788 883 943 955 humanus
974 913 1029 972 per
1060 906 1154 961 totam
1187 903 1323 979 tabulam

241 998 303 1050 uno
325 998 408 1052 metu
436 990 533 1065 athei,
566 996 624 1056 sed
651 1015 839 1076 quamquem
873 1008 996 1076 semper
1024 1011 1138 1067 metum
1167 1009 1321 1084 quendam

241 1095 302 1166 alil,
324 1101 426 1158 tantan
447 1100 512 1160 vult
532 1102 686 1177 respirare
707 1106 861 1182 laetisque
883 1106 979 1167 relius
998 1111 1139 1183 recreem,
1171 1119 1201 1173 et
1216 1132 1320 1190 zquan·

239 1205 304 1259 tum
325 1201 403 1273 lieet,
425 1219 490 1265 rem
513 1205 542 1267 in
564 1209 728 1271 feliciorem
750 1219 894 1272 eventum
916 1228 988 1274 sese
1008 1229 1320 1293 osseconversuram,

239 1305 298 1369 sihi
319 1308 515 1381 persuadere.
550 1314 617 1389 Hoc
636 1315 742 1390 igitur,
772 1322 806 1376 ut
827 1316 1012 1392 Sophoclem
1035 1322 1212 1396 absolvam,
1244 1326 1319 1389 mihi

237 1424 294 1487 pro
318 1419 402 1477 certo
421 1422 501 1487 stat,
534 1419 661 1482 chorum
693 1419 901 1496 Sophocleum
930 1424 960 1484 id
989 1428 1185 1501 potissimum
1207 1431 1323 1506 egisse

237 1525 271 1579 ut
292 1519 412 1584 animos
441 1530 649 1599 spectatormn
672 1525 807 1588 alliceret
840 1535 872 1589 et
898 1529 928 1590 in
949 1532 1084 1607 quadam
1106 1537 1216 1597 mentis
1230 1542 1321 1601 ‚tran-

237 1623 384 1702 quillitate
406 1629 555 1691 rahneret.
579 1631 667 1706 Quod
689 1633 725 1695 si.
739 1650 845 1695 verum
867 1641 922 1706 est,
944 1637 1014 1713 ipsa
1036 1639 1124 1700 chori
1144 1643 1320 1705 inconstan-

235 1732 279 1793 tia
298 1731 415 1795 tantum
437 1733 541 1808 abest,
573 1745 606 1799 ut
627 1739 700 1816 vilio
723 1740 763 1801 sit
784 1740 944 1801 tribuenda
966 1749 1090 1817 poetae,
1124 1753 1156 1805 ut
1178 1760 1320 1811 summae

236 1840 309 1900 artis
332 1841 372 1900 sit
394 1840 618 1916 documentum,
640 1845 672 1904 in
693 1864 756 1923 qua
777 1847 808 1906 id
830 1862 954 1922 semper
975 1865 1096 1910 summa
1118 1850 1320 1912 admiratione

235 1947 417 2022 amplector,
446 1951 606 2023 quamsit
628 1957 796 2027 temperata
824 1968 980 2027 quamque
1007 1957 1130 2030 egregie
1156 1957 1195 2017 ad
1219 1957 1317 2029 aphet

234 2059 376 2114 naturam
398 2054 638 2117 accommodata.
660 2086 701 2101 -
882 2064 885 2069 ’

658 2328 864 2341 -ᾡ-ι--ιι

239 2594 248 2640 .’
314 2583 382 2644 lam
411 2584 452 2646 ad
478 2583 711 2661 Euripidem
739 2588 878 2652 transeo,
906 2598 1039 2657 sperans
1061 2585 1126 2645 loro
1146 2592 1193 2656 ut,
1230 2598 1311 2662 quaa

232 2689 273 2749 ds
292 2689 449 2767 Sophocle
469 2691 542 2751 mihi
565 2691 747 2751 videbantur
765 2687 994 2762 praemittenda,
1017 2690 1047 2750 in
1065 2691 1198 2768 aliquem
1219 2708 1310 2752 usum

230 2795 351 2871 poesim
371 2804 557 2858 convertere.
599 2793 740 2854 Animum
769 2799 871 2853 autem
900 2812 1000 2871 paene
1021 2798 1188 2872 despondi,
1217 2815 1311 2874 quum

229 2899 259 2961 in
285 2908 371 2962 touta
398 2900 569 2977 fabulosum
600 2899 748 2963 varietate
776 2904 924 2978 tantaque
946 2902 1109 2964 chororum
1131 2903 1311 2964 diversitate

229 3012 425 3083 quaererem,
453 3005 494 3067 ad
514 3019 609 3081 quiam
635 3020 773 3065 nonnam
795 3021 850 3066 eos
872 3009 1025 3069 referrem.
1052 3009 1187 3070 hunam
1211 3017 1309 3069 tamen

228 3112 311 3174 mam
332 3113 443 3184 inveni,
462 3108 522 3171 nlsi
544 3109 691 3184 deinceps
714 3115 1013 3187 temporummtione
1029 3114 1137 3176 hahita
1150 3116 1188 3175 de
1201 3117 1310 3177 umus-

228 3217 378 3295 cujusque
397 3216 529 3294 ‚tabulae
561 3215 655 3279 choro
687 3216 864 3292 disputandi
872 3227 885 3289 ,'
911 3218 938 3278 si
968 3220 1042 3296 quid
1065 3220 1244 3283 invenirem·
1258 3221 1308 3277 val

227 3322 360 3399 omium
377 3323 431 3399 uel
452 3323 611 3383 maximae
626 3322 723 3397 pontis
745 3339 913 3384 commune.
954 3327 1035 3389 Anni
1054 3333 1173 3395 'autenm
1192 3323 1308 3400 quibus

226 3428 599 3505 dotahemnnEuuipidis
612 3428 741 3500 tabulae,
772 3429 848 3490 satis
871 3447 911 3491 cx
932 3431 1102 3492 tabulatum
1123 3429 1308 3505 Aristopha-

225 3538 360 3597 scauuini
367 3535 566 3612 teluporibus,
589 3550 669 3611 quae
689 3534 972 3610 seimus‚-possunt
989 3538 1099 3612 colligi,
1121 3552 1309 3613 quamquam

226 3658 289 3706 non
309 3644 360 3718 ita,
387 3651 421 3704 ut
442 3642 541 3703 omnis
564 3642 776 3703 controversia
796 3642 925 3707 tollatur.
952 3640 1017 3716 Ego
1040 3657 1155 3718 sequor
1172 3643 1307 3704 Hortum

225 3764 308 3826 gun,
329 3764 462 3828 quocum
485 3749 594 3826 paucis
616 3749 756 3824 exceptis
777 3748 850 3809 lacit
868 3745 1111 3822 Bernhardyius.
1144 3741 1307 3827 (epomide

229 3851 399 3937 &acation
422 3872 446 3916 s
468 3873 497 3915 v.
520 3854 606 3930 Eur.)
651 3853 791 3917 Rhesum
812 3853 926 3923 omitto,
953 3853 1069 3928 quippe
1091 3850 1306 3929 quemdum

224 3961 317 4023 valde
334 3961 485 4022 dubitant
510 3961 621 4023 tabulis
642 3959 797 4035 Euripidis
824 3959 1032 4023 adnumerare.
1051 3955 1098 4015 -E
1129 3957 1307 4030 fragmentis

225 4083 263 4127 ea
284 4075 400 4128 tantum
422 4065 526 4139 allero,
564 4082 643 4142 quae
665 4081 725 4124 non
748 4065 776 4123 in
800 4065 923 4124 dubium
948 4069 1019 4122 sunt
1036 4067 1154 4120 vocata.
1177 4063 1304 4123 Versus,

223 4191 303 4252 quos
325 4174 467 4248 exhibeo,
489 4179 560 4237 sunt
582 4170 827 4233 Matthaei-cc
1018 4209 1021 4217 -
1098 4200 1101 4219 .
1142 4208 1146 4217 .
1195 4204 1227 4223 ..
