2894 4928
1168 344 1217 428 rt

137 559 230 618 Porro
251 555 279 616 si
300 555 449 617 ratlonem
471 561 602 630 quotuor
623 549 739 612 illorum
754 546 953 622 carminum}
967 550 1010 610 de‘
1028 548 1218 628 qulbusr‘egt

139 682 168 740 p.
183 661 223 725 15
240 678 305 740 ·sq.,
324 659 534 738 perspexeris,
555 656 697 734 poetam?
702 657 796 720 choro
811 654 1011 717 instrumento
1026 670 1098 717 esse
1115 656 1217 728 usum}

138 787 199 848 quo
220 776 251 829 et
272 780 472 846 personarum
494 779 597 825 mores
612 763 741 838 efferret,
762 769 795 824 ut
816 763 846 822 ln
862 763 1024 838 Antigona,
1039 768 1218 823 etmentem

138 874 322 952 spectatoris
344 873 450 933 leniter
468 870 629 941 alliceret,
658 870 740 931 ,adeo
767 866 891 945 quidem
914 875 948 928 ut
968 866 1107 930 chorum:
1119 868 1220 933 nouo«

137 996 231 1058 quam
252 978 312 1040 sibi
335 983 525 1039 constantem
548 991 645 1036 ausus
668 975 709 1035 sit
728 989 914 1050 proponere,
943 975 1019 1035 satis
1042 971 1099 1034 erit
1120 973 1220 1033 mani-r

137 1087 256 1147 festum.
299 1084 470 1158 Antigonae
486 1080 582 1140 enim
605 1095 728 1141 carmen
756 1076 996 1140 consideremus.
1038 1080 1113 1139 Abit
1133 1078 1220 1138 Tireu

139 1192 204 1252 sias
221 1192 331 1262 omnia,
352 1204 433 1267 quae
449 1186 571 1248 tabulae
589 1187 690 1247 exitus
708 1185 829 1260 detegit,
847 1192 994 1245 eventura
1007 1200 1081 1247 esse
1097 1184 1221 1247 Creonti

138 1299 320 1359 vaticinatus
342 1295 569 1369 abeuntemque
590 1308 726 1368 unquam
748 1289 1016 1353 inaniaceeinisse
1035 1291 1104 1362 urbi
1121 1286 1220 1366 'negat

139 1401 252 1464 chorus
276 1396 490 1465 rost-1094.
534 1397 612 1472 Quid
631 1397 728 1457 vero?
770 1395 882 1473 Hujus,
904 1414 997 1474 quam
1019 1397 1128 1475 paucis
1148 1390 1222 1457 ver-s

138 1508 225 1570 sibus
247 1514 317 1568 onte
331 1505 478 1575 ediderat,
501 1505 670 1564 sententiae
687 1504 801 1564 oblitus
819 1502 850 1561 in
866 1505 999 1563 carmine
1015 1504 1066 1564 illo
1080 1520 1110 1562 v.
1128 1498 1221 1564 1115.-

138 1628 203 1691 seq.
223 1629 288 1673 rem
310 1612 351 1672 ad
371 1613 485 1670 laetum
507 1615 648 1668 eventum
665 1608 845 1685 perductum
867 1610 901 1668 iri
919 1616 1031 1687 sperat.
1073 1608 1141 1670 Non
1161 1607 1222 1682 igi:

138 1728 196 1780 tur»
208 1718 267 1778 sibi
295 1716 429 1788 constat,
458 1714 531 1791 quia
551 1721 663 1792 poetae
690 1718 771 1791 erat
784 1716 964 1788 consilium,
979 1734 983 1753 ³
998 1711 1068 1776 ante
1095 1716 1146 1773 res
1167 1708 1222 1774 t'rl-

139 1824 293 1885 stissimas
315 1814 492 1884 ἐντιθέναι
511 1842 544 1883 τι
565 1823 624 1882 καὶ
643 1815 825 1901 τοῦ”ἣδέος.
854 1821 970 1882 Eadem
986 1828 1040 1882 est
1052 1820 1222 1881 ratio-car·

138 1928 335 2006 minisrquod
357 1934 411 1986 est·
431 1925 462 1986 in
482 1925 659 1986 Philocteta.
704 1923 823 1984 Chorus
857 1926 937 1984 enim
969 1925 1071 2001 hujus
1090 1926 1222 1996 tabulae,

138 2035 167 2095 id
189 2033 276 2112 quod
297 2033 438 2095 convenit
463 2031 601 2092 moribus
618 2046 844 2107 personarum,
859 2030 1060 2108 ¹'circuibus
1092 2035 1223 2102 constat,¹

138 2138 213 2196 nihil
235 2138 317 2196 aliud
337 2139 399 2196 iere
422 2138 499 2212 agit,
521 2137 581 2197 nisi
602 2144 634 2196 ut
656 2137 799 2208 insidiaS,
822 2136 901 2214 quas
924 2145 1043 2199 struunt
1063 2138 1169 2199 Ulixes
1190 2141 1223 2197 et

139 2241 373 2318 Neoptolemus,
407 2241 599 2301 adhortando
630 2241 762 2315 adjuvet.
818 2241 893 2301 Cum
921 2243 981 2302 hac
1011 2251 1112 2304 autem
1136 2241 1223 2311 chori

141 2347 273 2422 imagine
294 2347 450 2423 quomodo
481 2348 659 2416 concinunt,
696 2362 777 2422 quae
806 2349 886 2407 canit
914 2347 944 2407 iu
974 2347 1036 2408 hoc
1064 2346 1221 2408 earminel

141 2453 173 2511 ln
192 2470 257 2529 quo
280 2470 341 2513 non
364 2452 537 2512 dissimulat
557 2453 709 2523 fraudem,
733 2451 820 2527 errjus
842 2460 890 2514 est
904 2454 1057 2525 conscius,
1079 2453 1153 2515 nihil
1175 2459 1223 2515 est

96 2598 99 2603 ψ
142 2559 230 2629 enlm,
253 2575 385 2618 cuream
403 2559 582 2630 dissimulet
605 2558 632 2618 si
654 2557 779 2636 quidem
798 2559 871 2619 exiit
884 2560 1060 2623 Philocteta.
1075 2558 1108 2638 *l
1145 2559 1224 2634 Quid

142 2661 232 2736 igitur
253 2663 349 2723 movit
370 2674 508 2742 poetam,
531 2673 565 2726 ut
587 2671 734 2724 mutatam
756 2664 897 2727 redderet
919 2664 1223 2728 eboricententiaml

141 2767 221 2827 Nlhll
235 2768 366 2841 invenio,
388 2771 447 2830 nisi
459 2771 542 2847 quod
564 2777 656 2848 poeta
671 2787 733 2831 non
753 2777 817 2832 tam
832 2787 913 2849 quae
937 2772 1033 2834 choro'
1051 2776 1225 2848 congruunt

142 2889 235 2951 quam
258 2891 338 2952 quae
368 2876 477 2936 animis
499 2877 703 2953 spectantium
726 2885 798 2937 sunt
819 2878 1046 2947 convenientia,
1078 2878 1224 2954 respexit·

143 2979 346 3052 Quamobrem
368 2980 495 3042 chomm
518 2982 645 3044 easdem
667 2999 722 3060 per
737 2982 858 3042 tabulas
881 2995 1004 3058 semper
1022 2980 1102 3042 'tueri
1112 2989 1225 3059 partes

143 3097 232 3158 nego.
269 3085 302 3142 ln
324 3087 499 3146 contrarias·
517 3089 621 3162 potius
638 3088 807 3147 sententias
830 3085 996 3150 distractus
1019 3088 1225 3150 sibi-minime

143 3194 273 3260 constat,
313 3189 345 3248 ln
375 3192 486 3252 ceteris
514 3195 578 3253 sere
599 3193 741 3254 omnihus
764 3194 922 3256 consentio
936 3190 1099 3272 2Gruppio,
1117 3196 1224 3273 ouem

142 3293 173 3355 id
194 3294 390 3371 potissimum
412 3295 534 3360 siunmo
556 3299 789 3362 demonstrasse
811 3303 952 3362 acumine
974 3308 1058 3378 puto,
1079 3300 1226 3378 spectum·

142 3406 189 3462 tes
211 3403 306 3464 multo
328 3392 456 3464 rectius
474 3404 570 3466 choro
598 3420 705 3466 veram
732 3408 776 3466 rei
803 3407 1008 3466 conditionem
1026 3406 1225 3484 perspicere,

143 3507 314 3585 meliusque
336 3510 458 3571 fabulae
480 3511 595 3572 exitum
617 3508 762 3572 divinare.
805 3511 881 3570 Nam
904 3508 986 3587 quae
1002 3508 1097 3571 ehorb
1120 3510 1227 3571 statim

144 3608 175 3667 in
196 3613 328 3685 paredo,
349 3622 383 3675 ut
404 3633 500 3694 supra
518 3618 662 3690 vidimus
684 3619 715 3678 in
737 3625 868 3679 mentem
892 3613 1226 3691 veniunteonjeoturae

144 3713 183 3774 de
205 3715 283 3777 tristi
304 3732 405 3780 rerum
428 3723 642 3795 conversione,
673 3741 755 3801 quae
783 3723 997 3800 spectatorem·
1018 3723 1069 3781 tali
1092 3722 1225 3784 alliciunt

144 3823 304 3898 anxietate,
326 3832 360 3886 ut
381 3840 418 3886 ne
433 3832 619 3890 momentum
635 3831 758 3908 quidem
774 3829 922 3905 temporis
933 3828 1123 3904 sipealiquo
1142 3837 1225 3895 metu

144 3937 262 4004 spectet
281 3945 340 3990 nee
362 3947 442 4008 quae
463 3935 632 3996 laetissima
653 3936 803 4008 videntur,
826 3950 882 3996 eas
901 3934 1018 3995 chorus
1033 3936 1223 3998 minimerce

144 4031 231 4103 tinet,
256 4037 349 4097 immo
370 4032 499 4098 fluctuat
518 4042 620 4118 neque
641 4058 777 4120 unquam
800 4045 864 4103 lere
893 4043 923 4101 in
936 4039 1073 4101 eadem·
1088 4051 1224 4104 remanet

389 4172 483 4186 “d

198 4243 228 4313 *J
250 4244 282 4296 cl.
301 4243 391 4314 Huage
410 4249 442 4302 de
462 4249 601 4319 Sophoclis
619 4210 874 4306 ebremundi
906 4276 919 4295 -’
946 4276 960 4299 .·
993 4253 1082 4306 ;,.;;:
1121 4288 1124 4295 -
1167 4275 1226 4327 ·''l·

705 4336 716 4363 b

949 4355 971 4420 2
