2894 4928
187 248 234 323 lt

184 464 224 509 nc
244 446 297 510 liat
318 447 546 526 spectatoribus
572 448 649 512 nihil
667 450 882 526 opinantlbos,
910 452 1023 515 monis
1039 455 1085 515 -in
1111 460 1256 521 carminis

183 554 257 624 line,
287 554 370 631 quod
391 555 500 631 legitur
530 557 560 617 in
586 575 615 616 v.
636 553 832 628 679-728,
869 559 900 619 iu
919 560 1033 621 laetam
1058 561 1263 624 conditionem

184 661 373 722 Philoctetae
403 662 560 724 miseriam
599 678 672 724 sese
713 675 786 725 esse
822 680 1058 739 consensuram,
1104 669 1261 744 praedicit.

182 767 267 827 Haec
289 767 386 827 verba
407 769 465 829 etsi
487 770 610 833 minime
631 770 816 832 conveniunt
828 770 914 833 chori
935 773 1086 848 partibus,
1106 793 1184 852 quas
1207 793 1263 852 per

182 880 278 934 totam
300 873 434 934 tabulam
456 875 603 945 sustinet,
635 876 797 950 aptissime
822 885 923 938 tamen
945 879 1108 942 advertunt
1129 882 1260 942 animum

183 979 222 1041 ad
243 979 405 1040 Herculem
427 980 487 1040 sub
513 979 604 1040 finem
626 981 840 1056 prodeuntem,
871 984 959 1058 eujus
987 988 1159 1049 auctoritati
1179 989 1259 1048 cedit

182 1085 358 1146 Philocteta
402 1085 550 1147 Videmus
578 1087 670 1162 igitur
691 1088 878 1165 Sophoclem
906 1108 963 1153 nec
991 1093 1106 1154 laetitia
1125 1109 1183 1154 nec
1203 1094 1259 1154 do·-

182 1194 246 1254 lore
268 1193 399 1269 oppn'mi
419 1193 558 1254 voluisse
579 1202 724 1267 mentem,
748 1197 822 1274 quia
842 1199 920 1272 lugll
939 1198 1040 1260 nimia
1082 1199 1260 1276 Euripidem

181 1315 256 1360 vero
279 1314 372 1376 quam
392 1298 533 1360 studiose
554 1309 703 1372 sectetur,
732 1319 813 1379 quae
834 1304 992 1378 inopinata
1011 1312 1092 1375 sunt,
1111 1313 1262 1371 testantur

181 1407 378 1482 plurimarum]
406 1405 578 1469 fabularum
610 1408 726 1478 exitus,
752 1409 806 1468 ubi
833 1409 876 1470 dii
904 1411 1056 1485 prodeunt
1088 1409 1163 1470 nihil
1193 1411 1261 1485 opi·

182 1519 282 1578 nante,
301 1517 482 1588 spectatore
525 1512 626 1575 Ghoro
657 1523 760 1575 autem
781 1515 954 1591 Sophocles
984 1535 1077 1595 quum
1112 1516 1259 1586 tribuerit,

180 1626 213 1680 ut
235 1619 354 1679 animos
376 1619 580 1694 spectantium
601 1619 642 1679 ad
662 1620 790 1680 fabulae
802 1622 917 1681 exitum
939 1623 1049 1696 dirigat
1070 1623 1259 1685 divinantes

181 1742 243 1802 que
263 1726 303 1786 de
322 1742 361 1786 eo
383 1725 488 1795 iaciat,
508 1726 680 1795 rectissime
701 1743 771 1788 eum
792 1727 997 1797 iecisse'non
1018 1735 1066 1788 est
1087 1729 1172 1804 quod
1193 1746 1261 1790 mo·

179 1849 277 1893 neam.
320 1832 457 1894 Transeo
488 1831 528 1891 ad
549 1831 636 1894 chori
657 1849 804 1905 carmen,¹
827 1832 912 1910 quod
941 1839 990 1893 est
1020 1831 1167 1906 inujaoe
1186 1831 1259 1891 inde

180 1950 315 1999 aversu
333 1935 405 1999 693.
446 1937 480 1995 ln
508 1954 571 2012 quo
593 1938 728 2012 gaudeo,
759 1938 843 2014 quod
871 1939 998 1997 alterum
1018 1937 1257 1998 scholiasturum

178 2042 281 2104 habeo
302 2056 423 2101 merum
439 2043 686 2105 consentientem.
723 2043 803 2104 Dicit
824 2043 920 2103 enim:
940 2042 1099 2125 τέρπεται
1119 2034 1138 2107 t
1160 2037 1259 2124 χορὸς

179 2140 240 2215 ἐπὶ
259 2148 304 2234 τῷ
327 2142 509 2212 παύεσθαι
526 2145 587 2231 ’τῆς
609 2143 713 2214 νόσον
741 2143 802 2213 τὸν
822 2147 960 2214 Αἴαντα
980 2152 1039 2213 καὶ
1060 2153 1177 2231 φησίν·
1198 2140 1257 2231 ὑφ’

181 2246 299 2338 ἡδονῆς
326 2247 449 2336 ἔφριξα
470 2255 527 2316 καὶ
547 2250 712 2336 βούλομαι
733 2253 904 2336 χορεῦσαι·
934 2247 1193 2337 εὖεπίφορος
1214 2252 1258 2315 δὲ

178 2353 391 2441 &nostrin
423 2349 493 2420 ἐπὶ
518 2354 592 2431 τοὶς
618 2357 819 2432 τοιαύτας
846 2357 1118 2436 μελοποιίας,
1147 2351 1256 2422 ὥστε

177 2457 406 2530 ἐντιθέναι
426 2482 467 2523 τι
487 2463 556 2523 καὶ
576 2458 650 2524 νοῦ
669 2453 795 2540 ἡδέος.
825 2461 889 2523 Sed
908 2479 972 2524 non
987 2463 1027 2523 de
1039 2460 1135 2537 Ajece
1155 2461 1257 2522 solum

178 2570 298 2639 videtur
319 2564 495 2638 dicendum,
523 2565 708 2641 sedetiam,
731 2586 828 2647 quum
850 2569 920 2629 alibi
942 2569 1134 2629 inveniantur
1159 2564 1257 2639 hujus

180 2673 322 2738 conuiuis
344 2672 509 2745 simillima,
536 2675 658 2750 longius
675 2675 946 2751 progrediendum.
984 2673 1106 2735 Etenim
1127 2672 1158 2732 in
1180 2687 1257 2748 qua-

178 2789 256 2844 tuor,
268 2779 379 2841 fabulis
403 2777 575 2855 Sophocles
598 2788 668 2840 ente
687 2782 789 2857 ipsam
803 2797 904 2842 rerum
921 2779 1156 2842 conversionem
1170 2776 1257 2843 chori

179 2886 528 2963 carmiuainterposull,
555 2903 638 2965 quae
657 2894 772 2948 tantam
800 2887 892 2964 quasi
920 2887 1037 2962 spirant
1058 2884 1258 2960 tranquillitas

178 3002 241 3057 tem
267 3001 444 3070 unumque
466 2993 668 3065 suavitatem,
706 3000 739 3054 ut
764 2991 835 3068 jure
856 2992 990 3063 mireris,
1025 3007 1079 3051 cur
1105 2989 1257 3052 hocloco

179 3106 255 3162 ante
280 3100 383 3176 ipsum
414 3113 515 3158 rerum
548 3099 792 3160 tristissimamm
824 3099 989 3159 adventum
1021 3113 1060 3157 ea
1090 3096 1257 3158 inseruerit.

179 3204 434 3275 Schneidewious
468 3202 593 3279 quidem
627 3202 668 3263 ad
696 3221 725 3262 v.
742 3199 830 3265 1088.
853 3202 923 3263 edit.
947 3201 1020 3262 Oed.
1042 3202 1076 3261 Β.
1106 3199 1257 3276 ejusmodi

178 3317 283 3374 censet
315 3309 383 3372 cani
405 3308 539 3370 carmina
565 3324 604 3370 ex
633 3308 793 3369 collatione
822 3304 894 3384 (bob
919 3303 1092 3388 booboftet
1121 3306 1257 3384 rotoma

177 3419 210 3481 ln
231 3417 292 3480 hec
313 3424 414 3479 tamen
437 3425 589 3478 re'ousus
612 3416 671 3477 sim
693 3431 815 3475 summo
837 3415 903 3475 viro
926 3413 1088 3489 eidemque
1109 3410 1257 3486 magistro

179 3522 525 3593 maximevenerendo,
547 3523 597 3581 cui
619 3527 766 3598 quantum
789 3520 919 3581 debeam
941 3526 1029 3595 grata
1050 3533 1172 3594 semper
1191 3529 1258 3583 me'·

179 3631 276 3697 morio
297 3629 422 3694 tenebo,
445 3621 661 3688 contradicere.
705 3627 783 3703 Quid
804 3626 904 3688 enimi
938 3626 994 3701 Qui
1016 3624 1167 3689 contr-ario
1188 3635 1257 3687 emo

179 3735 338 3801 contrariis
357 3733 520 3810 componit,
543 3750 643 3795 nonne
667 3735 731 3796 vult
747 3734 872 3794 alterius
893 3732 956 3792 tim
978 3729 1112 3805 augeret
1154 3725 1258 3786 Voluit

178 3843 269 3920 igitur
291 3840 464 3918 Sophocles
486 3839 536 3900 his
558 3841 744 3903 canuinibus
767 3838 895 3910 efficere,
917 3846 950 3900 ut
964 3833 1153 3903 calamitatis,
1176 3847 1257 3908 quse

180 3949 325 4026 sequitur,
348 3946 469 4009 tristitie
484 3946 584 4021 magis
599 3948 787 4010 elucesceret
801 3945 964 4020 magisque
980 3940 1156 4019 percelleret
1173 3956 1257 4003 men-

177 4063 237 4120 tem
269 4055 463 4132 spectatoris.
503 4053 599 4115 Immo
622 4069 697 4114 vcro
716 4058 842 4114 tantum
874 4049 948 4113 mihi
982 4048 1096 4108 abesse
1128 4047 1257 4116 videtur,

178 4169 211 4232 ut
232 4160 293 4227 hoc
315 4159 402 4225 iuuerit
423 4167 534 4236 poetae
556 4158 795 4232 consiliumet
819 4154 955 4219 noluerit·
972 4153 1109 4222 minuere
1127 4161 1160 4215 et
1181 4158 1257 4217 lem-
