2894 4928
1230 291 1265 365 ii

189 500 221 555 et
239 493 316 555 alies
333 490 449 552 eadem
469 505 543 553 erse
560 500 751 565 perpessas,
775 484 986 549 vehementia
1013 485 1107 551 animi
1136 481 1268 557 effeetus

189 600 228 660 ad
250 598 397 660 leniorem
410 595 573 674 ’quendam
593 592 841 657 recensendam
863 589 1005 664 efficitur,
1021 591 1090 663 ubi,
1112 608 1204 669 quem
1221 591 1270 660 ins

187 707 400 783 dignissimam
420 704 582 769 fortunam
594 701 697 765 subire
718 699 914 776 putabamus,
937 712 1007 763 eum
1029 714 1087 761 sua
1107 699 1198 776 culpa
1215 701 1269 767 ¹vel

185 813 289 891 potine
320 810 470 872 non'eine
492 809 600 884 eliqua·
617 813 807 884 pecoato.-.-
839 805 871 871 ia
898 805 981 865 nulla
1001 804 1081 865 enim
1104 803 1268 883 Sophoclis

185 917 345 995 tragoedia
369 897 474 977 letalis
501 913 675 977 necessitas
695 918 804 988 regent
823 926 867 957 ³-
892 908 974 971 hane
1002 911 1268 987 pati-intellexeri-

185 1038 262 1088 mas.
282 1023 432 1086 foedum
464 1020 544 1081 enim
566 1030 638 1083 esse
658 1019 744 1089 visu,
781 1024 887 1081 censet
903 1016 1101 1088 Aristoteles,
1136 1015 1219 1079 Poet.
1232 1030 1268 1083 o.

185 1133 268 1203 xlll,
293 1131 320 1192 si
348 1128 478 1206 probum
500 1125 633 1202 aliquem
656 1132 749 1200 atque
769 1122 921 1185 insontem
941 1122 1030 1187 malis
1051 1121 1194 1183 videmus
1216 1124 1262 1185 afa

188 1239 308 1308 lectum,
329 1240 457 1311 peccato
479 1248 552 1293 esse
574 1231 677 1306 aliquo
701 1245 789 1306 opus.
811 1229 958 1303 Quodne
980 1228 1156 1304 nosiugiat
1175 1237 1269 1305 poeta

185 1361 242 1421 per
263 1343 391 1404 chorum
410 1337 558 1415 providet.
601 1335 678 1396 Nolo
694 1334 761 1396 'hoe
782 1335 852 1397 loce
872 1334 983 1409 longus
1005 1348 1080 1395 esse
1101 1335 1268 1411 exemplis·

184 1465 245 1526 que
265 1447 388 1509 firmare
411 1443 593 1506 sententiam
614 1458 730 1512 meam,
753 1456 849 1517 quum
862 1438 944 1501 mihi
966 1438 998 1498 in
1018 1446 1121 1505 mente
1141 1441 1199 1512 sit,
1228 1441 1268 1522 de

183 1554 317 1629 singulis.
342 1551 455 1612 fabulis
486 1549 622 1610 breviter
650 1559 819 1625 exponere:
855 1546 888 1607 ln
916 1560 1049 1622 quamm
1074 1546 1267 1624 temporibus

185 1675 278 1736 quum
302 1670 420 1731 'magna
443 1655 482 1715 sit
509 1654 734 1726 controversia,
770 1651 920 1728 imprimis
948 1650 987 1713 de
1007 1651 1118 1727 eliaca,
1153 1668 1269 1732 sequor

184 1762 453 1825 Schneidewieum
472 1760 502 1821 in
523 1760 652 1820 Praelat.
675 1759 723 1821 ed.
742 1757 790 1832 Αἱ.
812 1759 861 1841 alt
879 1777 908 1835 p.
921 1756 971 1831 29,
995 1757 1084 1834 cuius
1105 1772 1269 1834 arguments

182 1870 223 1931 tis
244 1867 327 1929 aliud
356 1866 539 1927 addiderim·
552 1881 591 1925 ex
622 1863 708 1925 chori
738 1870 862 1923 natura⁴
876 1864 1012 1940 petitum.
1055 1864 1155 1927 Video
1184 1866 1266 1928 enim

183 1984 213 2040 et
234 1976 264 2036 in
287 1972 503 2051 antiquissima
524 1968 691 2047 Sophoclis
713 1967 817 2029 sabula
838 1974 868 2030 et
889 1968 920 2029 in
941 1969 1126 2043 novissima,
1154 1972 1186 2032 in
1206 1970 1269 2034 Oe-

184 2081 257 2158 dipo
285 2080 428 2150 coloreo,
457 2077 586 2139 chorum
623 2092 684 2137 non
713 2074 815 2135 solum
846 2075 885 2137 de
915 2077 1071 2139 actoribus
1098 2078 1268 2155 rebusque,

183 2200 263 2262 ques
285 2189 395 2258 agunt,
422 2182 519 2243 verba
535 2183 663 2250 lasere,
690 2181 747 2241 sed
768 2181 861 2243 etiam
882 2196 959 2243 suas
980 2199 1031 2244 res
1055 2201 1163 2246 aurare
1185 2185 1269 2247 suls-

183 2306 246 2367 que
263 2289 307 2350 de·
324 2288 458 2349 miseriis
479 2285 575 2363 queri.
617 2283 694 2345 Nam
715 2300 816 2361 neque
837 2286 867 2347 in
889 2287 927 2348 iis
949 2287 1069 2360 tabulis,
1092 2305 1174 2365 quae
1196 2295 1268 2350 sunt

181 2394 346 2472 Sophoclis
369 2402 399 2454 et
422 2393 513 2455 totius
536 2391 610 2453 artis
634 2389 770 2450 Graecae
792 2392 884 2467 quasi
906 2393 1100 2470 exemplaria,
1123 2394 1153 2454 in
1175 2393 1267 2456 Anti-¹

181 2518 269 2576 gone,-
293 2501 413 2577 Oedipo
434 2498 527 2574 Rege,
548 2495 667 2557 Electra
687 2512 790 2573 neque
811 2496 843 2556 in
860 2497 1030 2561 Trachiniis
1052 2507 1083 2562 et
1096 2499 1267 2578 Philocteta

180 2623 316 2683 unquam
338 2603 596 2682 deprehendimus
619 2601 747 2663 chorum
769 2602 807 2663 de
829 2606 896 2667 sais
918 2606 1011 2668 rebus
1037 2606 1196 2668 dicentem.
1228 2604 1267 2668 Et

180 2718 280 2782 recto,
303 2711 426 2787 opinor,
448 2707 576 2768 consilio
591 2714 691 2782 'poeta
711 2710 754 2769 ita
775 2709 854 2771 lecit.
900 2711 1002 2773 Noluit
1023 2713 1103 2773 enim
1124 2728 1182 2772 nee
1203 2729 1262 2789 po·

178 2817 312 2892 tuitper
332 2814 407 2876 artis
427 2815 521 2888 leges,
543 2829 636 2889 quem
658 2815 787 2891 percipit
808 2817 929 2878 animus
952 2819 1146 2894 spectatoris,
1178 2818 1267 2879 dolo·

179 2939 245 2984 rem
267 2921 404 2983 dividere
426 2920 516 2997 quasi
538 2919 616 2980 inter
637 2917 765 2981 chorum
785 2928 817 2981 ct
839 2930 989 2995 actorem,
1021 2923 1078 2983 sed
1107 2929 1204 2984 toturn
1226 2924 1266 2985 ad

181 3029 309 3087 alterum
337 3027 482 3087 conterre.
524 3024 604 3099 Ajax
638 3032 740 3087 autem
772 3029 898 3104 propior
929 3034 977 3117 est
1008 3027 1081 3088 artis
1120 3028 1262 3105 tragicae·

178 3129 280 3202 initiis,
301 3147 383 3208 quae
398 3147 494 3207 quum
509 3136 574 3191 tota
593 3129 635 3191 sit
655 3147 673 3190 e
695 3131 780 3193 ehori
802 3132 929 3196 canticis
950 3139 1031 3206 nata,
1057 3134 1189 3195 eundem
1209 3151 1265 3197 us·

176 3253 237 3313 que
259 3236 299 3296 ad
320 3234 485 3313 Thespidis
506 3243 647 3313 tempera
667 3239 765 3314 primo
786 3239 856 3300 loco
879 3240 1058 3300 collocabat.
1103 3240 1168 3314 Quo
1201 3257 1259 3304 eu-

178 3349 241 3403 tem
263 3343 363 3418 magis
385 3357 437 3402 are
459 3343 628 3403 accedebat
649 3345 689 3405 ad
710 3346 936 3421 perlectionem,
957 3360 995 3406 eo
1012 3347 1112 3422 magis
1133 3347 1260 3409 restrin-

179 3450 330 3524 gebantur
351 3447 438 3509 chori
459 3453 578 3524 partes,
607 3465 665 3509 nec
686 3456 788 3510 tamen
810 3450 907 3522 adeo,
928 3452 1033 3510 ut³vel
1053 3452 1084 3512 in
1104 3451 1265 3530 Aeschylo

180 3555 281 3613 omnia
301 3555 413 3629 prioris
436 3553 618 3617 conditionis
647 3556 780 3632 vestigia
809 3555 1063 3618 desiderarentur.
1106 3557 1257 3621 Videmus

179 3655 260 3718 enim
281 3657 310 3718 in
329 3655 455 3720 duabus
475 3661 544 3734 eius
565 3660 685 3733 tabulis,
708 3662 738 3723 in
760 3661 957 3739 Supplieibus
979 3670 1010 3723 et
1028 3662 1260 3736 Eumenidibus

181 3762 308 3827 chorum
330 3764 456 3825 alteram
478 3770 630 3825 tenentem
653 3778 825 3839 causarum,
848 3785 978 3844 quarum
1000 3768 1194 3832 conflictione
1215 3771 1263 3831 ni-
1293 3803 1298 3809 ·

178 3869 249 3930 titur
269 3870 380 3931 fabula
425 3869 599 3946 Sophocles
622 3870 744 3933 demum
767 3874 797 3934 in
816 3875 1048 3950 perfectissimis
1069 3875 1127 3937 illis
1149 3877 1261 3940 sabulis

179 3970 305 4035 chorum
327 3976 369 4035 ita
392 3977 543 4047 ooerouit,
580 3983 612 4036 nt
639 3977 714 4040 nihil
745 3980 786 4039 de
816 3981 880 4040 suis
910 3981 1003 4042 rebus
1025 3983 1075 4042 vel
1097 3981 1261 4045 dolendum

178 4078 226 4136 vel
250 4081 444 4153 cogitandum
467 4083 629 4156 praeberet
650 4087 877 4160 spectantibus,
907 4088 964 4149 sed
986 4094 1081 4150 tetum
1103 4107 1137 4150 se
1160 4089 1260 4150 trade-

177 4188 223 4243 ret
244 4183 338 4245 rebus
351 4188 521 4261 agentium.
564 4187 726 4266 Euripides
758 4191 898 4270 denique,
930 4195 1014 4270 qued
1036 4194 1113 4256 intra
1134 4196 1259 4257 uberius
