<?xml version="1.0" encoding="UTF-8"?>
<!DOCTYPE html PUBLIC "-//W3C//DTD XHTML 1.0 Transitional//EN"
    "http://www.w3.org/TR/xhtml1/DTD/xhtml1-transitional.dtd">
<html xmlns="http://www.w3.org/1999/xhtml" xml:lang="en" lang="en">
 <head>
  <title>
</title>
<meta http-equiv="Content-Type" content="text/html;charset=utf-8" />
  <meta name='ocr-system' content='tesseract 3.04.00' />
  <meta name='ocr-capabilities' content='ocr_page ocr_carea ocr_par ocr_line ocrx_word'/>
</head>
<body>
  <div class='ocr_page' id='page_1' title='image "./choruseuripideu00friegoog_0024.png"; bbox 0 0 2894 4928; ppageno 0'>
   <div class='ocr_carea' id='block_1_1' title="bbox 1166 350 1225 429">
    <p class='ocr_par' dir='ltr' id='par_1_1' title="bbox 1166 350 1225 429">
     <span class='ocr_line' id='line_1_1' title="bbox 1166 350 1225 429; baseline 0 0"><span class='ocrx_word' id='word_1_1' title='bbox 1166 350 1225 429; x_wconf 65' lang='grc' dir='ltr'>ΗΕ</span> 
     </span>
    </p>
   </div>
   <div class='ocr_carea' id='block_1_2' title="bbox 173 549 1225 633">
    <p class='ocr_par' dir='ltr' id='par_1_2' title="bbox 173 549 1225 633">
     <span class='ocr_line' id='line_1_2' title="bbox 173 549 1225 633; baseline -0.004 -17"><span class='ocrx_word' id='word_1_2' title='bbox 173 588 176 597; x_wconf 92' lang='lat'>·</span> <span class='ocrx_word' id='word_1_3' title='bbox 218 557 319 633; x_wconf 79' lang='lat' dir='ltr'>Atque</span> <span class='ocrx_word' id='word_1_4' title='bbox 341 557 370 616; x_wconf 92' lang='lat' dir='ltr'>ln</span> <span class='ocrx_word' id='word_1_5' title='bbox 393 553 608 627; x_wconf 69' lang='lat' dir='ltr'>alerstide,</span> <span class='ocrx_word' id='word_1_6' title='bbox 630 568 710 632; x_wconf 86' lang='lat' dir='ltr'>qnae</span> <span class='ocrx_word' id='word_1_7' title='bbox 727 557 771 616; x_wconf 80' lang='lat' dir='ltr'>&#39;er</span> <span class='ocrx_word' id='word_1_8' title='bbox 793 549 966 615; x_wconf 77' lang='lat' dir='ltr'>testimonio</span> <span class='ocrx_word' id='word_1_9' title='bbox 984 549 1097 613; x_wconf 69' lang='lat' dir='ltr'>scholii</span> <span class='ocrx_word' id='word_1_10' title='bbox 1117 549 1225 629; x_wconf 74' lang='lat' dir='ltr'>nupera</span> 
     </span>
    </p>
   </div>
   <div class='ocr_carea' id='block_1_3' title="bbox 136 654 1253 4428">
    <p class='ocr_par' dir='ltr' id='par_1_3' title="bbox 136 654 1253 4428">
     <span class='ocr_line' id='line_1_3' title="bbox 139 654 1224 738; baseline -0.004 -16"><span class='ocrx_word' id='word_1_11' title='bbox 139 662 265 722; x_wconf 76' lang='lat' dir='ltr'>inventi</span> <span class='ocrx_word' id='word_1_12' title='bbox 279 660 494 738; x_wconf 85' lang='lat' dir='ltr'>antiquissima</span> <span class='ocrx_word' id='word_1_13' title='bbox 522 670 570 723; x_wconf 83' lang='lat' dir='ltr'>eol</span> <span class='ocrx_word' id='word_1_14' title='bbox 591 661 695 721; x_wconf 83' lang='lat' dir='ltr'>tabula</span> <span class='ocrx_word' id='word_1_15' title='bbox 714 660 886 738; x_wconf 72' lang='lat' dir='ltr'>Euripide,</span> <span class='ocrx_word' id='word_1_16' title='bbox 917 670 978 719; x_wconf 86' lang='lat' dir='ltr'>non</span> <span class='ocrx_word' id='word_1_17' title='bbox 999 657 1073 717; x_wconf 88' lang='lat' dir='ltr'>mlhl</span> <span class='ocrx_word' id='word_1_18' title='bbox 1095 654 1224 718; x_wconf 70' lang='lat' dir='ltr'>ridetur</span> 
     </span>
     <span class='ocr_line' id='line_1_4' title="bbox 138 763 1253 853; baseline -0.004 -25"><span class='ocrx_word' id='word_1_19' title='bbox 138 768 252 828; x_wconf 78' lang='lat' dir='ltr'>murus</span> <span class='ocrx_word' id='word_1_20' title='bbox 274 768 460 840; x_wconf 83' lang='lat' dir='ltr'>interemere,</span> <span class='ocrx_word' id='word_1_21' title='bbox 481 785 564 844; x_wconf 83' lang='lat' dir='ltr'>quae</span> <span class='ocrx_word' id='word_1_22' title='bbox 585 768 686 827; x_wconf 89' lang='lat' dir='ltr'>minus</span> <span class='ocrx_word' id='word_1_23' title='bbox 707 767 750 827; x_wconf 86' lang='lat' dir='ltr'>rel</span> <span class='ocrx_word' id='word_1_24' title='bbox 773 767 946 828; x_wconf 76' lang='lat' dir='ltr'>conducant</span> <span class='ocrx_word' id='word_1_25' title='bbox 966 764 1067 840; x_wconf 85' lang='lat' dir='ltr'>neqdo</span> <span class='ocrx_word' id='word_1_26' title='bbox 1088 763 1216 841; x_wconf 74' lang='lat' dir='ltr'>evagari</span> <span class='ocrx_word' id='word_1_27' title='bbox 1247 839 1253 853; x_wconf 21' lang='grc' dir='ltr'>θ</span> 
     </span>
     <span class='ocr_line' id='line_1_5' title="bbox 137 868 1226 943; baseline -0.009 -9"><span class='ocrx_word' id='word_1_28' title='bbox 137 874 267 935; x_wconf 79' lang='lat' dir='ltr'>canticis</span> <span class='ocrx_word' id='word_1_29' title='bbox 294 875 380 933; x_wconf 84' lang='lat' dir='ltr'>extra</span> <span class='ocrx_word' id='word_1_30' title='bbox 411 872 541 935; x_wconf 82' lang='lat' dir='ltr'>aetionis</span> <span class='ocrx_word' id='word_1_31' title='bbox 570 874 733 943; x_wconf 78' lang='lat' dir='ltr'>tenuium,</span> <span class='ocrx_word' id='word_1_32' title='bbox 756 873 811 933; x_wconf 80' lang='lat' dir='ltr'>sed</span> <span class='ocrx_word' id='word_1_33' title='bbox 841 879 903 932; x_wconf 84' lang='lat' dir='ltr'>tarn</span> <span class='ocrx_word' id='word_1_34' title='bbox 932 886 1005 932; x_wconf 82' lang='lat' dir='ltr'>ense</span> <span class='ocrx_word' id='word_1_35' title='bbox 1027 868 1226 930; x_wconf 75' lang='lat' dir='ltr'>conveniensi</span> 
     </span>
     <span class='ocr_line' id='line_1_6' title="bbox 136 974 1225 1057; baseline -0.005 -17"><span class='ocrx_word' id='word_1_36' title='bbox 136 977 237 1042; x_wconf 82' lang='lat' dir='ltr'>rerum</span> <span class='ocrx_word' id='word_1_37' title='bbox 273 980 365 1040; x_wconf 86' lang='lat' dir='ltr'>statui</span> <span class='ocrx_word' id='word_1_38' title='bbox 393 996 487 1056; x_wconf 83' lang='lat' dir='ltr'>quam</span> <span class='ocrx_word' id='word_1_39' title='bbox 522 981 575 1057; x_wconf 88' lang='lat' dir='ltr'>qui</span> <span class='ocrx_word' id='word_1_40' title='bbox 603 979 734 1039; x_wconf 81' lang='lat' dir='ltr'>maxime</span> <span class='ocrx_word' id='word_1_41' title='bbox 771 977 854 1055; x_wconf 84' lang='lat' dir='ltr'>opud</span> <span class='ocrx_word' id='word_1_42' title='bbox 879 974 1062 1053; x_wconf 65' lang='lat' dir='ltr'>Eunpidhrht</span> <span class='ocrx_word' id='word_1_43' title='bbox 1112 974 1225 1036; x_wconf 58' lang='lat' dir='ltr'>Prodit?</span> 
     </span>
     <span class='ocr_line' id='line_1_7' title="bbox 137 1080 1225 1159; baseline -0.006 -12"><span class='ocrx_word' id='word_1_44' title='bbox 137 1088 237 1147; x_wconf 66' lang='lat' dir='ltr'>{uitet-n</span> <span class='ocrx_word' id='word_1_45' title='bbox 255 1085 379 1146; x_wconf 70' lang='lat' dir='ltr'>&#39;chorus</span> <span class='ocrx_word' id='word_1_46' title='bbox 409 1098 518 1146; x_wconf 86' lang='lat' dir='ltr'>senum</span> <span class='ocrx_word' id='word_1_47' title='bbox 545 1087 751 1147; x_wconf 78' lang='lat' dir='ltr'>Pheraeorum</span> <span class='ocrx_word' id='word_1_48' title='bbox 780 1084 822 1129; x_wconf 58' lang='lat' dir='ltr'>„t</span> <span class='ocrx_word' id='word_1_49' title='bbox 843 1081 1005 1159; x_wconf 71' lang='lat' dir='ltr'>Euripides</span> <span class='ocrx_word' id='word_1_50' title='bbox 1034 1080 1225 1141; x_wconf 76' lang='lat' dir='ltr'>rnnherihuor</span> 
     </span>
     <span class='ocr_line' id='line_1_8' title="bbox 140 1186 1224 1269; baseline -0.002 -21"><span class='ocrx_word' id='word_1_51' title='bbox 140 1193 187 1249; x_wconf 83' lang='lat' dir='ltr'>rel</span> <span class='ocrx_word' id='word_1_52' title='bbox 208 1190 377 1264; x_wconf 72' lang='lat' dir='ltr'>virginibus</span> <span class='ocrx_word' id='word_1_53' title='bbox 405 1192 491 1252; x_wconf 86' lang='lat' dir='ltr'>chori</span> <span class='ocrx_word' id='word_1_54' title='bbox 513 1199 617 1269; x_wconf 85' lang='lat' dir='ltr'>partes</span> <span class='ocrx_word' id='word_1_55' title='bbox 646 1190 762 1250; x_wconf 84' lang='lat' dir='ltr'>deterre</span> <span class='ocrx_word' id='word_1_56' title='bbox 784 1196 881 1261; x_wconf 84' lang='lat' dir='ltr'>amat3</span> <span class='ocrx_word' id='word_1_57' title='bbox 914 1191 980 1248; x_wconf 74' lang='lat' dir='ltr'>troo·</span> <span class='ocrx_word' id='word_1_58' title='bbox 1005 1186 1224 1248; x_wconf 70' lang='lat' dir='ltr'>lantum‘n&#39;dnt</span> 
     </span>
     <span class='ocr_line' id='line_1_9' title="bbox 139 1291 1215 1373; baseline -0.003 -18"><span class='ocrx_word' id='word_1_59' title='bbox 139 1307 256 1373; x_wconf 84' lang='lat' dir='ltr'>eaeque</span> <span class='ocrx_word' id='word_1_60' title='bbox 277 1298 456 1372; x_wconf 79' lang='lat' dir='ltr'>superiores</span> <span class='ocrx_word' id='word_1_61' title='bbox 478 1313 517 1357; x_wconf 86' lang='lat' dir='ltr'>ex</span> <span class='ocrx_word' id='word_1_62' title='bbox 538 1305 622 1358; x_wconf 83' lang='lat' dir='ltr'>tanto</span> <span class='ocrx_word' id='word_1_63' title='bbox 644 1297 815 1356; x_wconf 86' lang='lat' dir='ltr'>tabularum</span> <span class='ocrx_word' id='word_1_64' title='bbox 835 1293 1118 1370; x_wconf 83' lang='lat' dir='ltr'>nuntero,·qt1ibus</span> <span class='ocrx_word' id='word_1_65' title='bbox 1139 1291 1215 1352; x_wconf 66' lang='lat' dir='ltr'>olto·⁶</span> 
     </span>
     <span class='ocr_line' id='line_1_10' title="bbox 138 1397 1225 1464; baseline -0.002 -4"><span class='ocrx_word' id='word_1_66' title='bbox 138 1400 205 1460; x_wconf 82' lang='lat' dir='ltr'>roni</span> <span class='ocrx_word' id='word_1_67' title='bbox 224 1401 359 1462; x_wconf 88' lang='lat' dir='ltr'>virorum</span> <span class='ocrx_word' id='word_1_68' title='bbox 387 1404 490 1464; x_wconf 81' lang='lat' dir='ltr'>tribuit</span> <span class='ocrx_word' id='word_1_69' title='bbox 510 1422 552 1447; x_wconf 79' lang='lat'>·-</span> <span class='ocrx_word' id='word_1_70' title='bbox 580 1402 693 1463; x_wconf 90' lang='lat' dir='ltr'>certior</span> <span class='ocrx_word' id='word_1_71' title='bbox 724 1402 823 1460; x_wconf 82' lang='lat' dir='ltr'>tactus</span> <span class='ocrx_word' id='word_1_72' title='bbox 857 1398 894 1457; x_wconf 89' lang='lat' dir='ltr'>de</span> <span class='ocrx_word' id='word_1_73' title='bbox 924 1401 1021 1458; x_wconf 81' lang='lat' dir='ltr'>meite</span> <span class='ocrx_word' id='word_1_74' title='bbox 1044 1397 1225 1458; x_wconf 62' lang='lat' dir='ltr'>›Alcestidis&#39;</span> 
     </span>
     <span class='ocr_line' id='line_1_11' title="bbox 136 1501 1226 1583; baseline -0.003 -17"><span class='ocrx_word' id='word_1_75' title='bbox 136 1501 267 1569; x_wconf 80' lang='lat' dir='ltr'>instante</span> <span class='ocrx_word' id='word_1_76' title='bbox 282 1508 328 1567; x_wconf 67' lang='lat' dir='ltr'>⁴ad</span> <span class='ocrx_word' id='word_1_77' title='bbox 351 1510 453 1568; x_wconf 83' lang='lat' dir='ltr'>aulam</span> <span class='ocrx_word' id='word_1_78' title='bbox 466 1509 592 1583; x_wconf 81' lang='lat' dir='ltr'>regiam,</span> <span class='ocrx_word' id='word_1_79' title='bbox 613 1510 749 1569; x_wconf 85' lang='lat' dir='ltr'>incertus</span> <span class='ocrx_word' id='word_1_80' title='bbox 763 1513 868 1566; x_wconf 82' lang='lat' dir='ltr'>utrum·</span> <span class='ocrx_word' id='word_1_81' title='bbox 881 1503 945 1579; x_wconf 76' lang='lat' dir='ltr'>Jam</span> <span class='ocrx_word' id='word_1_82' title='bbox 954 1503 1110 1575; x_wconf 73' lang='lat' dir='ltr'>accident,</span> <span class='ocrx_word' id='word_1_83' title='bbox 1126 1502 1226 1580; x_wconf 73' lang='lat' dir='ltr'>quud</span> 
     </span>
     <span class='ocr_line' id='line_1_12' title="bbox 136 1607 1220 1686; baseline -0.002 -15"><span class='ocrx_word' id='word_1_84' title='bbox 136 1612 250 1680; x_wconf 70' lang='lat' dir='ltr'>metuit,</span> <span class='ocrx_word' id='word_1_85' title='bbox 282 1628 322 1670; x_wconf 86' lang='lat' dir='ltr'>an</span> <span class='ocrx_word' id='word_1_86' title='bbox 344 1613 376 1671; x_wconf 93' lang='lat' dir='ltr'>in</span> <span class='ocrx_word' id='word_1_87' title='bbox 396 1615 463 1672; x_wconf 83' lang='lat' dir='ltr'>hice</span> <span class='ocrx_word' id='word_1_88' title='bbox 485 1612 591 1673; x_wconf 83' lang='lat' dir='ltr'>adhuc</span> <span class='ocrx_word' id='word_1_89' title='bbox 609 1621 748 1673; x_wconf 83' lang='lat' dir='ltr'>versetur</span> <span class='ocrx_word' id='word_1_90' title='bbox 768 1611 882 1686; x_wconf 78' lang='lat' dir='ltr'>regina.</span> <span class='ocrx_word' id='word_1_91' title='bbox 925 1611 991 1670; x_wconf 79' lang='lat' dir='ltr'>Hac</span> <span class='ocrx_word' id='word_1_92' title='bbox 1004 1610 1051 1670; x_wconf 85' lang='lat' dir='ltr'>&#39;de</span> <span class='ocrx_word' id='word_1_93' title='bbox 1072 1626 1105 1669; x_wconf 87' lang='lat' dir='ltr'>rc</span> <span class='ocrx_word' id='word_1_94' title='bbox 1127 1607 1220 1669; x_wconf 75' lang='lat' dir='ltr'>bren</span> 
     </span>
     <span class='ocr_line' id='line_1_13' title="bbox 137 1710 1226 1793; baseline 0 -18"><span class='ocrx_word' id='word_1_95' title='bbox 137 1718 213 1777; x_wconf 89' lang='lat' dir='ltr'>inter</span> <span class='ocrx_word' id='word_1_96' title='bbox 235 1715 397 1778; x_wconf 83' lang='lat' dir='ltr'>dichoreus</span> <span class='ocrx_word' id='word_1_97' title='bbox 419 1717 555 1779; x_wconf 88' lang='lat' dir='ltr'>instituto</span> <span class='ocrx_word' id='word_1_98' title='bbox 578 1716 729 1793; x_wconf 89' lang='lat' dir='ltr'>colloquio</span> <span class='ocrx_word' id='word_1_99' title='bbox 742 1723 954 1791; x_wconf 80' lang='lat' dir='ltr'>secongregat</span> <span class='ocrx_word' id='word_1_100' title='bbox 969 1715 1083 1776; x_wconf 80' lang='lat' dir='ltr'>choma</span> <span class='ocrx_word' id='word_1_101' title='bbox 1101 1718 1131 1773; x_wconf 57' lang='lat' dir='ltr'>‘vt</span> <span class='ocrx_word' id='word_1_102' title='bbox 1156 1710 1226 1787; x_wconf 75' lang='lat' dir='ltr'>toln</span> 
     </span>
     <span class='ocr_line' id='line_1_14' title="bbox 137 1817 1216 1898; baseline -0.002 -18"><span class='ocrx_word' id='word_1_103' title='bbox 137 1823 278 1897; x_wconf 85' lang='lat' dir='ltr'>canitque</span> <span class='ocrx_word' id='word_1_104' title='bbox 299 1837 431 1894; x_wconf 87' lang='lat' dir='ltr'>carmen,</span> <span class='ocrx_word' id='word_1_105' title='bbox 454 1823 542 1898; x_wconf 70' lang='lat' dir='ltr'>uiuus</span> <span class='ocrx_word' id='word_1_106' title='bbox 563 1829 775 1898; x_wconf 71' lang='lat' dir='ltr'>argumentum</span> <span class='ocrx_word' id='word_1_107' title='bbox 796 1826 862 1880; x_wconf 66' lang='lat' dir='ltr'>eutr</span> <span class='ocrx_word' id='word_1_108' title='bbox 884 1821 922 1879; x_wconf 90' lang='lat' dir='ltr'>de</span> <span class='ocrx_word' id='word_1_109' title='bbox 944 1822 1043 1881; x_wconf 84' lang='lat' dir='ltr'>solute</span> <span class='ocrx_word' id='word_1_110' title='bbox 1064 1835 1136 1880; x_wconf 86' lang='lat' dir='ltr'>esse</span> <span class='ocrx_word' id='word_1_111' title='bbox 1162 1817 1216 1878; x_wconf 89' lang='lat' dir='ltr'>de-</span> 
     </span>
     <span class='ocr_line' id='line_1_15' title="bbox 136 1925 1220 2005; baseline -0.006 -19"><span class='ocrx_word' id='word_1_112' title='bbox 136 1927 331 2002; x_wconf 84' lang='lat' dir='ltr'>sperandum,</span> <span class='ocrx_word' id='word_1_113' title='bbox 352 1930 466 1990; x_wconf 90' lang='lat' dir='ltr'>nullum</span> <span class='ocrx_word' id='word_1_114' title='bbox 488 1931 585 2005; x_wconf 85' lang='lat' dir='ltr'>posse</span> <span class='ocrx_word' id='word_1_115' title='bbox 607 1926 734 1987; x_wconf 88' lang='lat' dir='ltr'>inveniri</span> <span class='ocrx_word' id='word_1_116' title='bbox 755 1925 938 1996; x_wconf 82' lang='lat' dir='ltr'>remedium,</span> <span class='ocrx_word' id='word_1_117' title='bbox 970 1931 1040 1986; x_wconf 85' lang='lat' dir='ltr'>n&#39;aln</span> <span class='ocrx_word' id='word_1_118' title='bbox 1063 1926 1115 2002; x_wconf 90' lang='lat' dir='ltr'>qui</span> <span class='ocrx_word' id='word_1_119' title='bbox 1135 1940 1220 1986; x_wconf 89' lang='lat' dir='ltr'>unus.</span> 
     </span>
     <span class='ocr_line' id='line_1_16' title="bbox 137 2031 1217 2108; baseline 0 -16"><span class='ocrx_word' id='word_1_120' title='bbox 137 2034 291 2107; x_wconf 88' lang='lat' dir='ltr'>potuisset</span> <span class='ocrx_word' id='word_1_121' title='bbox 321 2033 447 2106; x_wconf 79' lang='lat' dir='ltr'>afferre,</span> <span class='ocrx_word' id='word_1_122' title='bbox 476 2051 546 2096; x_wconf 89' lang='lat' dir='ltr'>eum</span> <span class='ocrx_word' id='word_1_123' title='bbox 573 2033 660 2094; x_wconf 87' lang='lat' dir='ltr'>Jovis</span> <span class='ocrx_word' id='word_1_124' title='bbox 690 2033 807 2108; x_wconf 79' lang='lat' dir='ltr'>fulgure</span> <span class='ocrx_word' id='word_1_125' title='bbox 843 2032 990 2093; x_wconf 90' lang='lat' dir='ltr'>domitum</span> <span class='ocrx_word' id='word_1_126' title='bbox 1029 2031 1069 2091; x_wconf 86' lang='lat' dir='ltr'>ad</span> <span class='ocrx_word' id='word_1_127' title='bbox 1102 2031 1217 2092; x_wconf 83' lang='lat' dir='ltr'>interos</span> 
     </span>
     <span class='ocr_line' id='line_1_17' title="bbox 138 2135 1216 2214; baseline 0.002 -20"><span class='ocrx_word' id='word_1_128' title='bbox 138 2135 347 2196; x_wconf 87' lang='lat' dir='ltr'>descendisse.</span> <span class='ocrx_word' id='word_1_129' title='bbox 382 2140 462 2213; x_wconf 82' lang='lat' dir='ltr'>Apte</span> <span class='ocrx_word' id='word_1_130' title='bbox 484 2147 576 2214; x_wconf 86' lang='lat' dir='ltr'>poeta</span> <span class='ocrx_word' id='word_1_131' title='bbox 596 2138 658 2198; x_wconf 87' lang='lat' dir='ltr'>hou</span> <span class='ocrx_word' id='word_1_132' title='bbox 679 2139 813 2198; x_wconf 82' lang='lat' dir='ltr'>carmine</span> <span class='ocrx_word' id='word_1_133' title='bbox 835 2145 998 2213; x_wconf 85' lang='lat' dir='ltr'>praeparat</span> <span class='ocrx_word' id='word_1_134' title='bbox 1020 2135 1216 2197; x_wconf 79' lang='lat' dir='ltr'>animuma&#39;d</span> 
     </span>
     <span class='ocr_line' id='line_1_18' title="bbox 138 2240 1226 2318; baseline -0.002 -18"><span class='ocrx_word' id='word_1_135' title='bbox 138 2248 266 2302; x_wconf 91' lang='lat' dir='ltr'>mortem</span> <span class='ocrx_word' id='word_1_136' title='bbox 286 2241 465 2313; x_wconf 85' lang='lat' dir='ltr'>Alcestidls,</span> <span class='ocrx_word' id='word_1_137' title='bbox 492 2258 586 2317; x_wconf 87' lang='lat' dir='ltr'>quam</span> <span class='ocrx_word' id='word_1_138' title='bbox 609 2258 681 2303; x_wconf 84' lang='lat' dir='ltr'>mox</span> <span class='ocrx_word' id='word_1_139' title='bbox 708 2250 902 2318; x_wconf 88' lang='lat' dir='ltr'>praesentem</span> <span class='ocrx_word' id='word_1_140' title='bbox 924 2242 1106 2303; x_wconf 84' lang='lat' dir='ltr'>videbimus.</span> <span class='ocrx_word' id='word_1_141' title='bbox 1150 2240 1226 2312; x_wconf 77' lang='lat' dir='ltr'>Qud,</span> 
     </span>
     <span class='ocr_line' id='line_1_19' title="bbox 138 2345 1225 2424; baseline 0.001 -19"><span class='ocrx_word' id='word_1_142' title='bbox 138 2349 220 2407; x_wconf 79' lang='lat' dir='ltr'>tauto</span> <span class='ocrx_word' id='word_1_143' title='bbox 242 2346 355 2407; x_wconf 87' lang='lat' dir='ltr'>chorus</span> <span class='ocrx_word' id='word_1_144' title='bbox 383 2345 525 2406; x_wconf 82' lang='lat' dir='ltr'>naeinam</span> <span class='ocrx_word' id='word_1_145' title='bbox 547 2356 663 2418; x_wconf 85' lang='lat' dir='ltr'>cantat,</span> <span class='ocrx_word' id='word_1_146' title='bbox 696 2365 759 2424; x_wconf 87' lang='lat' dir='ltr'>qua</span> <span class='ocrx_word' id='word_1_147' title='bbox 784 2347 1002 2422; x_wconf 75' lang='lat' dir='ltr'>dempiternam</span> <span class='ocrx_word' id='word_1_148' title='bbox 1030 2348 1097 2407; x_wconf 77' lang='lat' dir='ltr'>lora</span> <span class='ocrx_word' id='word_1_149' title='bbox 1128 2353 1225 2422; x_wconf 56' lang='lat' dir='ltr'>prate*-</span> 
     </span>
     <span class='ocr_line' id='line_1_20' title="bbox 137 2451 1226 2530; baseline 0 -17"><span class='ocrx_word' id='word_1_150' title='bbox 137 2453 216 2513; x_wconf 84' lang='lat' dir='ltr'>diuit.</span> <span class='ocrx_word' id='word_1_151' title='bbox 258 2451 423 2512; x_wconf 83' lang='lat' dir='ltr'>Alcestidis</span> <span class='ocrx_word' id='word_1_152' title='bbox 457 2452 579 2512; x_wconf 86' lang='lat' dir='ltr'>laudern</span> <span class='ocrx_word' id='word_1_153' title='bbox 608 2454 691 2530; x_wconf 88' lang='lat' dir='ltr'>apud</span> <span class='ocrx_word' id='word_1_154' title='bbox 712 2460 871 2529; x_wconf 80' lang='lat' dir='ltr'>posteros,</span> <span class='ocrx_word' id='word_1_155' title='bbox 908 2453 1024 2529; x_wconf 75' lang='lat' dir='ltr'>quippo</span> <span class='ocrx_word' id='word_1_156' title='bbox 1052 2469 1135 2529; x_wconf 86' lang='lat' dir='ltr'>quae</span> <span class='ocrx_word' id='word_1_157' title='bbox 1161 2467 1226 2528; x_wconf 87' lang='lat' dir='ltr'>pro·</span> 
     </span>
     <span class='ocr_line' id='line_1_21' title="bbox 137 2557 1227 2636; baseline 0.007 -21"><span class='ocrx_word' id='word_1_158' title='bbox 137 2558 245 2618; x_wconf 85' lang='lat' dir='ltr'>morito</span> <span class='ocrx_word' id='word_1_159' title='bbox 265 2557 366 2632; x_wconf 86' lang='lat' dir='ltr'>ipsam</span> <span class='ocrx_word' id='word_1_160' title='bbox 388 2558 483 2617; x_wconf 88' lang='lat' dir='ltr'>vitam</span> <span class='ocrx_word' id='word_1_161' title='bbox 504 2559 632 2619; x_wconf 83' lang='lat' dir='ltr'>tundere</span> <span class='ocrx_word' id='word_1_162' title='bbox 653 2575 731 2620; x_wconf 84' lang='lat' dir='ltr'>ausa</span> <span class='ocrx_word' id='word_1_163' title='bbox 753 2559 807 2631; x_wconf 75' lang='lat' dir='ltr'>sit,</span> <span class='ocrx_word' id='word_1_164' title='bbox 826 2559 1038 2620; x_wconf 71' lang='lat' dir='ltr'>renitentibus</span> <span class='ocrx_word' id='word_1_165' title='bbox 1055 2564 1142 2636; x_wconf 73' lang='lat' dir='ltr'>&#39;quos</span> <span class='ocrx_word' id='word_1_166' title='bbox 1156 2567 1227 2636; x_wconf 76' lang='lat' dir='ltr'>&#39;pon</span> 
     </span>
     <span class='ocr_line' id='line_1_22' title="bbox 140 2663 1219 2739; baseline 0.003 -17"><span class='ocrx_word' id='word_1_167' title='bbox 140 2668 329 2722; x_wconf 83' lang='lat' dir='ltr'>senectutem</span> <span class='ocrx_word' id='word_1_168' title='bbox 356 2663 455 2738; x_wconf 82' lang='lat' dir='ltr'>magis</span> <span class='ocrx_word' id='word_1_169' title='bbox 484 2665 660 2725; x_wconf 86' lang='lat' dir='ltr'>decuerite</span> <span class='ocrx_word' id='word_1_170' title='bbox 687 2664 751 2724; x_wconf 88' lang='lat' dir='ltr'>vita</span> <span class='ocrx_word' id='word_1_171' title='bbox 778 2663 892 2739; x_wconf 82' lang='lat' dir='ltr'>egredi.</span> <span class='ocrx_word' id='word_1_172' title='bbox 935 2665 968 2724; x_wconf 93' lang='lat' dir='ltr'>ln</span> <span class='ocrx_word' id='word_1_173' title='bbox 995 2663 1056 2725; x_wconf 84' lang='lat' dir='ltr'>hoc</span> <span class='ocrx_word' id='word_1_174' title='bbox 1070 2664 1219 2725; x_wconf 72' lang='lat' dir='ltr'>suarmtuo</span> 
     </span>
     <span class='ocr_line' id='line_1_23' title="bbox 139 2765 1219 2847; baseline 0.006 -22"><span class='ocrx_word' id='word_1_175' title='bbox 139 2766 227 2826; x_wconf 80' lang='lat' dir='ltr'>atrei</span> <span class='ocrx_word' id='word_1_176' title='bbox 250 2765 413 2842; x_wconf 86' lang='lat' dir='ltr'>aptissimo</span> <span class='ocrx_word' id='word_1_177' title='bbox 443 2775 472 2827; x_wconf 88' lang='lat' dir='ltr'>et</span> <span class='ocrx_word' id='word_1_178' title='bbox 493 2770 597 2830; x_wconf 89' lang='lat' dir='ltr'>verbis</span> <span class='ocrx_word' id='word_1_179' title='bbox 625 2768 876 2846; x_wconf 80' lang='lat' dir='ltr'>splendidissimo</span> <span class='ocrx_word' id='word_1_180' title='bbox 904 2786 1004 2829; x_wconf 86' lang='lat' dir='ltr'>unum·</span> <span class='ocrx_word' id='word_1_181' title='bbox 1021 2769 1219 2847; x_wconf 82' lang='lat' dir='ltr'>deprehendo</span> 
     </span>
     <span class='ocr_line' id='line_1_24' title="bbox 137 2873 1228 2951; baseline 0.005 -19"><span class='ocrx_word' id='word_1_182' title='bbox 137 2888 270 2943; x_wconf 88' lang='lat' dir='ltr'>versum,</span> <span class='ocrx_word' id='word_1_183' title='bbox 292 2873 322 2932; x_wconf 91' lang='lat' dir='ltr'>in</span> <span class='ocrx_word' id='word_1_184' title='bbox 345 2890 415 2950; x_wconf 91' lang='lat' dir='ltr'>quo,</span> <span class='ocrx_word' id='word_1_185' title='bbox 438 2874 471 2934; x_wconf 89' lang='lat' dir='ltr'>id</span> <span class='ocrx_word' id='word_1_186' title='bbox 493 2876 577 2951; x_wconf 91' lang='lat' dir='ltr'>quod</span> <span class='ocrx_word' id='word_1_187' title='bbox 599 2876 724 2951; x_wconf 86' lang='lat' dir='ltr'>saepius</span> <span class='ocrx_word' id='word_1_188' title='bbox 741 2877 855 2936; x_wconf 86' lang='lat' dir='ltr'>sactum</span> <span class='ocrx_word' id='word_1_189' title='bbox 871 2874 1025 2946; x_wconf 68' lang='lat' dir='ltr'>videmus</span> <span class='ocrx_word' id='word_1_190' title='bbox 1042 2876 1145 2950; x_wconf 83' lang='lat' dir='ltr'>ipsum</span> <span class='ocrx_word' id='word_1_191' title='bbox 1158 2875 1228 2937; x_wconf 57' lang='lat' dir='ltr'>ilua</span> 
     </span>
     <span class='ocr_line' id='line_1_25' title="bbox 137 2975 1225 3054; baseline 0.004 -19"><span class='ocrx_word' id='word_1_192' title='bbox 137 2978 267 3052; x_wconf 86' lang='lat' dir='ltr'>ripidem</span> <span class='ocrx_word' id='word_1_193' title='bbox 295 2979 326 3038; x_wconf 91' lang='lat' dir='ltr'>in</span> <span class='ocrx_word' id='word_1_194' title='bbox 354 2997 489 3054; x_wconf 87' lang='lat' dir='ltr'>persona</span> <span class='ocrx_word' id='word_1_195' title='bbox 517 2981 602 3042; x_wconf 84' lang='lat' dir='ltr'>chori</span> <span class='ocrx_word' id='word_1_196' title='bbox 636 2981 729 3042; x_wconf 87' lang='lat' dir='ltr'>audio</span> <span class='ocrx_word' id='word_1_197' title='bbox 759 2981 914 3041; x_wconf 80' lang='lat' dir='ltr'>dicentem</span> <span class='ocrx_word' id='word_1_198' title='bbox 938 2975 1059 3041; x_wconf 38' lang='lat' dir='ltr'>volat</span> <span class='ocrx_word' id='word_1_199' title='bbox 1100 2977 1225 3041; x_wconf 83' lang='lat' dir='ltr'>Etenim.</span> 
     </span>
     <span class='ocr_line' id='line_1_26' title="bbox 141 3082 1221 3154; baseline 0.009 -16"><span class='ocrx_word' id='word_1_200' title='bbox 141 3088 240 3154; x_wconf 80' lang='lat' dir='ltr'>quunt</span> <span class='ocrx_word' id='word_1_201' title='bbox 256 3082 392 3146; x_wconf 86' lang='lat' dir='ltr'>sciamus</span> <span class='ocrx_word' id='word_1_202' title='bbox 422 3102 491 3146; x_wconf 87' lang='lat' dir='ltr'>eum</span> <span class='ocrx_word' id='word_1_203' title='bbox 519 3104 584 3148; x_wconf 91' lang='lat' dir='ltr'>-non</span> <span class='ocrx_word' id='word_1_204' title='bbox 613 3086 709 3146; x_wconf 84' lang='lat' dir='ltr'>semel</span> <span class='ocrx_word' id='word_1_205' title='bbox 736 3091 852 3145; x_wconf 86' lang='lat' dir='ltr'>tantum</span> <span class='ocrx_word' id='word_1_206' title='bbox 880 3086 1035 3147; x_wconf 84' lang='lat' dir='ltr'>levitatem</span> <span class='ocrx_word' id='word_1_207' title='bbox 1062 3092 1095 3146; x_wconf 85' lang='lat' dir='ltr'>et</span> <span class='ocrx_word' id='word_1_208' title='bbox 1114 3087 1221 3150; x_wconf 84' lang='lat' dir='ltr'>incon-</span> 
     </span>
     <span class='ocr_line' id='line_1_27' title="bbox 140 3184 1226 3269; baseline 0.009 -25"><span class='ocrx_word' id='word_1_209' title='bbox 140 3184 283 3246; x_wconf 85' lang='lat' dir='ltr'>stantiam</span> <span class='ocrx_word' id='word_1_210' title='bbox 303 3189 461 3253; x_wconf 85' lang='lat' dir='ltr'>mulierum</span> <span class='ocrx_word' id='word_1_211' title='bbox 483 3206 559 3254; x_wconf 82' lang='lat' dir='ltr'>esse</span> <span class='ocrx_word' id='word_1_212' title='bbox 579 3198 753 3269; x_wconf 66' lang='lat' dir='ltr'>expertum</span> <span class='ocrx_word' id='word_1_213' title='bbox 781 3190 928 3267; x_wconf 78' lang='lat' dir='ltr'>&#39;suspicor</span> <span class='ocrx_word' id='word_1_214' title='bbox 957 3190 997 3252; x_wconf 91' lang='lat' dir='ltr'>de</span> <span class='ocrx_word' id='word_1_215' title='bbox 1024 3192 1093 3255; x_wconf 80' lang='lat' dir='ltr'>ouis</span> <span class='ocrx_word' id='word_1_216' title='bbox 1119 3193 1226 3269; x_wconf 73' lang='lat' dir='ltr'>ipsius</span> 
     </span>
     <span class='ocr_line' id='line_1_28' title="bbox 138 3291 1225 3375; baseline 0.01 -25"><span class='ocrx_word' id='word_1_217' title='bbox 138 3291 208 3353; x_wconf 88' lang='lat' dir='ltr'>latis</span> <span class='ocrx_word' id='word_1_218' title='bbox 232 3293 416 3368; x_wconf 75' lang='lat' dir='ltr'>cogitantem</span> <span class='ocrx_word' id='word_1_219' title='bbox 431 3306 557 3374; x_wconf 84' lang='lat' dir='ltr'>poetam</span> <span class='ocrx_word' id='word_1_220' title='bbox 575 3298 658 3360; x_wconf 83' lang='lat' dir='ltr'>hunc</span> <span class='ocrx_word' id='word_1_221' title='bbox 679 3307 805 3360; x_wconf 85' lang='lat' dir='ltr'>versum</span> <span class='ocrx_word' id='word_1_222' title='bbox 823 3297 998 3375; x_wconf 80' lang='lat' dir='ltr'>scripoiose.</span> <span class='ocrx_word' id='word_1_223' title='bbox 1019 3297 1066 3359; x_wconf 78' lang='lat' dir='ltr'>De</span> <span class='ocrx_word' id='word_1_224' title='bbox 1078 3299 1225 3370; x_wconf 55' lang='lat' dir='ltr'>carmine(</span> 
     </span>
     <span class='ocr_line' id='line_1_29' title="bbox 139 3398 1224 3480; baseline 0.008 -22"><span class='ocrx_word' id='word_1_225' title='bbox 139 3398 223 3473; x_wconf 89' lang='lat' dir='ltr'>quod</span> <span class='ocrx_word' id='word_1_226' title='bbox 244 3401 392 3477; x_wconf 83' lang='lat' dir='ltr'>sequitur,</span> <span class='ocrx_word' id='word_1_227' title='bbox 409 3421 441 3462; x_wconf 89' lang='lat' dir='ltr'>.v.</span> <span class='ocrx_word' id='word_1_228' title='bbox 462 3399 627 3466; x_wconf 48' lang='lat' dir='ltr'>meeum</span> <span class='ocrx_word' id='word_1_229' title='bbox 650 3420 711 3464; x_wconf 93' lang='lat' dir='ltr'>non</span> <span class='ocrx_word' id='word_1_230' title='bbox 732 3403 818 3463; x_wconf 83' lang='lat' dir='ltr'>aliter</span> <span class='ocrx_word' id='word_1_231' title='bbox 834 3401 942 3474; x_wconf 73' lang='lat' dir='ltr'>iudico</span> <span class='ocrx_word' id='word_1_232' title='bbox 963 3415 1000 3462; x_wconf 86' lang='lat' dir='ltr'>ac</span> <span class='ocrx_word' id='word_1_233' title='bbox 1025 3402 1064 3462; x_wconf 85' lang='lat' dir='ltr'>de</span> <span class='ocrx_word' id='word_1_234' title='bbox 1082 3406 1224 3480; x_wconf 55' lang='lat' dir='ltr'>superine</span> 
     </span>
     <span class='ocr_line' id='line_1_30' title="bbox 138 3503 1225 3584; baseline 0.012 -24"><span class='ocrx_word' id='word_1_235' title='bbox 138 3503 232 3563; x_wconf 87' lang='lat' dir='ltr'>ribus.</span> <span class='ocrx_word' id='word_1_236' title='bbox 252 3506 491 3569; x_wconf 72' lang='lat' dir='ltr'>antecedentem</span> <span class='ocrx_word' id='word_1_237' title='bbox 513 3509 593 3569; x_wconf 88' lang='lat' dir='ltr'>enirn</span> <span class='ocrx_word' id='word_1_238' title='bbox 610 3523 737 3570; x_wconf 83' lang='lat' dir='ltr'>scenam</span> <span class='ocrx_word' id='word_1_239' title='bbox 751 3509 1225 3584; x_wconf 79' lang='lat' dir='ltr'>spectanteseumperoepiaso</span> 
     </span>
     <span class='ocr_line' id='line_1_31' title="bbox 141 3611 1226 3693; baseline 0.014 -28"><span class='ocrx_word' id='word_1_240' title='bbox 141 3612 268 3673; x_wconf 69' lang='lat' dir='ltr'>emaum</span> <span class='ocrx_word' id='word_1_241' title='bbox 288 3625 418 3673; x_wconf 86' lang='lat' dir='ltr'>necesse</span> <span class='ocrx_word' id='word_1_242' title='bbox 447 3623 496 3676; x_wconf 87' lang='lat' dir='ltr'>est</span> <span class='ocrx_word' id='word_1_243' title='bbox 523 3622 617 3692; x_wconf 82' lang='lat' dir='ltr'>quoni</span> <span class='ocrx_word' id='word_1_244' title='bbox 644 3613 836 3693; x_wconf 83' lang='lat' dir='ltr'>proloquitur</span> <span class='ocrx_word' id='word_1_245' title='bbox 863 3611 986 3675; x_wconf 84' lang='lat' dir='ltr'>chorus.</span> <span class='ocrx_word' id='word_1_246' title='bbox 1029 3613 1226 3681; x_wconf 72' lang='lat' dir='ltr'>admiramur</span> 
     </span>
     <span class='ocr_line' id='line_1_32' title="bbox 139 3711 1224 3798; baseline 0.013 -26"><span class='ocrx_word' id='word_1_247' title='bbox 139 3711 220 3773; x_wconf 88' lang='lat' dir='ltr'>enim</span> <span class='ocrx_word' id='word_1_248' title='bbox 230 3712 508 3795; x_wconf 70' lang='lat' dir='ltr'>Admetum,=quod</span> <span class='ocrx_word' id='word_1_249' title='bbox 534 3721 727 3783; x_wconf 76' lang='lat' dir='ltr'>dioshnulata</span> <span class='ocrx_word' id='word_1_250' title='bbox 737 3727 835 3784; x_wconf 85' lang='lat' dir='ltr'>morte</span> <span class='ocrx_word' id='word_1_251' title='bbox 850 3719 1017 3781; x_wconf 72' lang='lat' dir='ltr'>Alcestidis</span> <span class='ocrx_word' id='word_1_252' title='bbox 1034 3733 1224 3798; x_wconf 61' lang='lat' dir='ltr'>suppressae</span> 
     </span>
     <span class='ocr_line' id='line_1_33' title="bbox 139 3821 1225 3904; baseline 0.001 -24"><span class='ocrx_word' id='word_1_253' title='bbox 139 3836 200 3895; x_wconf 86' lang='lat' dir='ltr'>que</span> <span class='ocrx_word' id='word_1_254' title='bbox 220 3821 629 3887; x_wconf 84' lang='lat' dir='ltr'>vehementissimo-dolore</span> <span class='ocrx_word' id='word_1_255' title='bbox 660 3824 752 3885; x_wconf 87' lang='lat' dir='ltr'>audet</span> <span class='ocrx_word' id='word_1_256' title='bbox 780 3831 811 3883; x_wconf 91' lang='lat' dir='ltr'>et</span> <span class='ocrx_word' id='word_1_257' title='bbox 833 3826 984 3887; x_wconf 83' lang='lat' dir='ltr'>amicitiae</span> <span class='ocrx_word' id='word_1_258' title='bbox 1011 3833 1041 3885; x_wconf 82' lang='lat' dir='ltr'>at</span> <span class='ocrx_word' id='word_1_259' title='bbox 1062 3826 1225 3904; x_wconf 56' lang='lat' dir='ltr'>hospitunt</span> 
     </span>
     <span class='ocr_line' id='line_1_34' title="bbox 140 3925 1223 4007; baseline 0.016 -27"><span class='ocrx_word' id='word_1_260' title='bbox 140 3926 210 3984; x_wconf 83' lang='lat' dir='ltr'>tatis</span> <span class='ocrx_word' id='word_1_261' title='bbox 238 3925 352 3988; x_wconf 82' lang='lat' dir='ltr'>officia</span> <span class='ocrx_word' id='word_1_262' title='bbox 370 3930 448 3989; x_wconf 85' lang='lat' dir='ltr'>tueri</span> <span class='ocrx_word' id='word_1_263' title='bbox 469 3931 694 4005; x_wconf 86' lang='lat' dir='ltr'>Herculemque</span> <span class='ocrx_word' id='word_1_264' title='bbox 717 3929 839 3990; x_wconf 90' lang='lat' dir='ltr'>domurn</span> <span class='ocrx_word' id='word_1_265' title='bbox 868 3930 979 3991; x_wconf 87' lang='lat' dir='ltr'>intrare</span> <span class='ocrx_word' id='word_1_266' title='bbox 1006 3928 1223 4007; x_wconf 69' lang='lat' dir='ltr'>jubendum</span> 
     </span>
     <span class='ocr_line' id='line_1_35' title="bbox 140 4025 1224 4103; baseline 0.018 -20"><span class='ocrx_word' id='word_1_267' title='bbox 140 4025 230 4100; x_wconf 81' lang='lat' dir='ltr'>igilur</span> <span class='ocrx_word' id='word_1_268' title='bbox 257 4034 383 4103; x_wconf 89' lang='lat' dir='ltr'>mirum,</span> <span class='ocrx_word' id='word_1_269' title='bbox 405 4035 453 4096; x_wconf 79' lang='lat' dir='ltr'>,si</span> <span class='ocrx_word' id='word_1_270' title='bbox 480 4034 597 4096; x_wconf 79' lang='lat' dir='ltr'>chorus·</span> <span class='ocrx_word' id='word_1_271' title='bbox 624 4035 753 4095; x_wconf 83' lang='lat' dir='ltr'>summis</span> <span class='ocrx_word' id='word_1_272' title='bbox 781 4035 926 4097; x_wconf 82' lang='lat' dir='ltr'>laudibus</span> <span class='ocrx_word' id='word_1_273' title='bbox 952 4033 1038 4096; x_wconf 81' lang='lat' dir='ltr'>effert</span> <span class='ocrx_word' id='word_1_274' title='bbox 1067 4039 1224 4103; x_wconf 83' lang='lat' dir='ltr'>liberalem</span> 
     </span>
     <span class='ocr_line' id='line_1_36' title="bbox 140 4131 1223 4219; baseline 0.018 -29"><span class='ocrx_word' id='word_1_275' title='bbox 140 4131 260 4193; x_wconf 85' lang='lat' dir='ltr'>Admeti</span> <span class='ocrx_word' id='word_1_276' title='bbox 289 4135 428 4210; x_wconf 86' lang='lat' dir='ltr'>domurn,</span> <span class='ocrx_word' id='word_1_277' title='bbox 465 4138 495 4197; x_wconf 94' lang='lat' dir='ltr'>in</span> <span class='ocrx_word' id='word_1_278' title='bbox 525 4148 588 4214; x_wconf 84' lang='lat' dir='ltr'>qua</span> <span class='ocrx_word' id='word_1_279' title='bbox 615 4155 654 4198; x_wconf 87' lang='lat' dir='ltr'>ne</span> <span class='ocrx_word' id='word_1_280' title='bbox 681 4142 792 4215; x_wconf 81' lang='lat' dir='ltr'>Apollo</span> <span class='ocrx_word' id='word_1_281' title='bbox 819 4141 943 4217; x_wconf 88' lang='lat' dir='ltr'>quidem</span> <span class='ocrx_word' id='word_1_282' title='bbox 972 4153 1154 4219; x_wconf 83' lang='lat' dir='ltr'>aspernatus</span> <span class='ocrx_word' id='word_1_283' title='bbox 1171 4148 1223 4211; x_wconf 48' lang='lat' dir='ltr'>*ait</span> 
     </span>
     <span class='ocr_line' id='line_1_37' title="bbox 141 4237 1223 4329; baseline 0.015 -34"><span class='ocrx_word' id='word_1_284' title='bbox 141 4237 310 4310; x_wconf 58' lang='lat' dir='ltr'>habituum-</span> <span class='ocrx_word' id='word_1_285' title='bbox 334 4241 365 4299; x_wconf 92' lang='lat' dir='ltr'>id</span> <span class='ocrx_word' id='word_1_286' title='bbox 385 4247 468 4318; x_wconf 82' lang='lat' dir='ltr'>quod</span> <span class='ocrx_word' id='word_1_287' title='bbox 491 4247 680 4321; x_wconf 70' lang='lat' dir='ltr'>suauissima</span> <span class='ocrx_word' id='word_1_288' title='bbox 701 4247 1140 4329; x_wconf 69' lang='lat' dir='ltr'>prosequiturdescriptiona</span> <span class='ocrx_word' id='word_1_289' title='bbox 1159 4253 1223 4320; x_wconf 80' lang='lat' dir='ltr'>Nae</span> 
     </span>
     <span class='ocr_line' id='line_1_38' title="bbox 965 4363 1004 4428; baseline 0 -32"><span class='ocrx_word' id='word_1_290' title='bbox 965 4363 1004 4428; x_wconf 76' lang='lat'>2*</span> 
     </span>
    </p>
   </div>
   <div class='ocr_carea' id='block_1_4' title="bbox 0 0 1454 4928">
    <p class='ocr_par' dir='ltr' id='par_1_4' title="bbox 0 0 1454 4928">
     <span class='ocr_line' id='line_1_39' title="bbox 0 0 1454 4928; baseline 0 0"><span class='ocrx_word' id='word_1_291' title='bbox 0 0 1454 4928; x_wconf 95' lang='lat' dir='ltr'> </span> 
     </span>
    </p>
   </div>
  </div>
 </body>
</html>
