2894 4928
185 248 240 326 &l

189 456 236 509 ter
255 466 291 509 se
314 448 489 520 cohaerere,
514 457 548 508 nt
570 467 607 509 ne
630 451 772 510 commati
795 451 920 526 quidem
940 451 1027 512 locus
1049 450 1097 511 sit.
1136 451 1274 529 Saepius

188 555 363 631 Euripides,
384 580 387 587 ¹
405 555 435 615 id
481 556 565 632 qnod
595 573 747 633 nusquam
777 557 860 633 apud
897 557 1082 634 Sophoclem
1115 556 1275 631 invenitur,

186 677 251 721 una
274 661 502 722 continuatione
522 660 607 721 addit
629 661 789 737 stropham
807 662 961 739 strophae.
1019 662 1099 738 Quid
1118 664 1187 725 inde
1209 668 1274 727 col-

187 768 282 843 ligam
305 767 381 826 inira
402 767 513 836 dicam,
574 811 577 815 ,
1242 820 1244 827 .

271 875 440 950 Postquam
453 873 594 933 Phaedra
613 888 740 933 causam
760 875 858 935 morbi
879 876 1010 950 aperuit,
1038 875 1172 937 chorum
1187 878 1273 939 audi-

186 994 259 1040 mus
288 979 474 1040 divinantem
500 980 573 1040 novi
605 979 679 1056 quid
706 979 800 1040 domo
829 997 901 1041 csse
923 989 1112 1041 eventurum.
1154 983 1207 1042 Vs.
1228 981 1270 1044 57

185 1102 264 1164 sqq.
320 1084 393 1145 Mox
413 1092 510 1160 quum
531 1082 646 1156 nutrix,
676 1093 709 1145 ut
737 1087 837 1160 magis
858 1101 941 1161 quae
961 1087 1007 1149 rei
1029 1086 1199 1148 conducant
1220 1102 1270 1148 se-

185 1198 300 1271 quatur
327 1207 421 1268 quam
449 1205 530 1266 quae
552 1189 613 1250 sint
634 1190 780 1263 honesta,
810 1192 955 1252 dominae
982 1193 1055 1252 velit
1077 1192 1272 1268 persuadere,

183 1298 258 1373 ipsa
279 1303 381 1357 autem
403 1295 479 1355 morl
497 1296 581 1357 malit
603 1313 696 1373 qnam
717 1303 806 1372 turpe
826 1297 941 1373 aliquid
960 1299 1156 1371 committere,
1178 1316 1274 1375 quum

184 1403 279 1478 igitur
298 1403 385 1462 utilia
406 1410 542 1478 pugnent
563 1419 634 1463 cum
663 1401 811 1474 honestis,
833 1401 957 1475 chorus
978 1411 1011 1464 ut
1033 1421 1090 1480 par
1110 1412 1166 1476 est,
1189 1421 1273 1465 com-

186 1507 311 1571 mendat
332 1506 471 1568 honesta.
513 1508 630 1568 Deinde
652 1523 774 1568 cannen
796 1510 876 1569 canit
905 1510 944 1570 de
972 1510 1003 1570 vi
1032 1511 1159 1581 amaria,
1189 1511 1273 1586 quod

184 1614 343 1693 praesenti
355 1629 458 1674 rerum
471 1613 565 1673 statui
586 1614 708 1689 egregie
730 1616 889 1690 convenit3
911 1630 999 1677 amor
1019 1617 1099 1676 enim
1114 1614 1274 1678 Phaedrae

182 1723 298 1782 -vulnus
320 1719 430 1796 injecit.
490 1717 642 1780 Describit
664 1726 767 1780 autern
790 1721 1003 1798 exemplisque
1026 1720 1184 1782 confirmat
1205 1722 1272 1797 ejus

182 1823 340 1888 summam
367 1827 431 1885 vim
459 1832 553 1902 atque
581 1826 748 1902 potentiam
764 1827 816 1886 -ad
850 1827 1085 1888 deminuendam
1108 1826 1273 1889 Phaedrae

182 1935 327 2010 eulpam
353 1948 425 1992 nam
438 1932 515 2003 -illo,
543 1931 593 1991 cui
615 1933 679 1992 lere
700 1949 789 1993 nemo
813 1939 916 2009 potest
936 1933 1097 2005 resistere,
1120 1933 1172 2009 qui
1195 1932 1271 1994 deos

181 2045 216 2100 et
234 2036 377 2100 homines
399 2038 512 2116 pariter
533 2042 680 2111 exercet,
709 2038 881 2099 Phaedram
902 2055 1029 2116 quoque
1048 2040 1075 2100 si
1100 2040 1281 2101 interiorem·

185 2145 431 2218 intellexerimus,
454 2146 545 2221 culpa
566 2145 629 2206 fere
652 2146 692 2207 ab
715 2145 795 2208 omni
817 2145 993 2206 liberamus.

267 2251 315 2312 De
355 2253 484 2314 stasimo
521 2270 549 2312 v.
575 2249 639 2315 727
668 2270 743 2329 sqq.
778 2251 936 2312 consentio
968 2250 1126 2323 Hartungo
1153 2251 1181 2319 l,
1209 2249 1267 2317 411

185 2365 269 2419 reete
290 2356 433 2418 refutanti
454 2338 619 2419 Monhium.
647 2356 830 2429 Namquod
852 2353 903 2411 hic
923 2354 1079 2426 vituperat
1099 2352 1130 2410 in
1152 2352 1269 2428 Hippo·

181 2466 262 2541 lyto,
295 2462 378 2538 quod
412 2459 526 2521 chorus
553 2457 720 2536 praesentit
748 2455 907 2515 Phaedrae
933 2454 1055 2517 lacinus
1083 2472 1141 2516 nec
1167 2463 1269 2516 tamen

189 2568 353 2647 prohibere
376 2573 504 2626 conatus
523 2566 576 2637 sit,
597 2580 653 2641 per
682 2562 767 2622 chori
796 2578 907 2623 munus
930 2563 1044 2639 quippe
1065 2547 1269 2637 nonagentis
1348 2611 1352 2617 .

183 2689 245 2735 non
265 2673 344 2733 licet.
367 2670 565 2731 Choriautem
587 2674 799 2745 argumentum
812 2674 873 2728 est:
887 2668 1009 2729 Utinam
1015 2683 1119 2729 essem
1134 2669 1181 2729 vel
1189 2674 1270 2728 terra

184 2777 360 2841 reconditus
387 2777 437 2835 vel
464 2776 493 2835 in
522 2791 625 2836 aerem
654 2776 793 2837 sublatus
821 2789 950 2852 possem
979 2773 1018 2833 ad
1040 2774 1163 2834 ultimos
1184 2774 1269 2836 orbis

184 2887 331 2948 terminos
359 2883 479 2942 autleni.
528 2881 756 2959 Describitque,
790 2896 851 2959 quo
879 2879 954 2939 mihi
982 2879 1112 2940 alienius
1132 2880 1269 2952 uidetur,

186 2986 242 3071 per
263 2988 424 3067 stropham
445 3010 468 3050 α
500 2995 531 3048 et
562 2988 794 3066 ⁴antistropham·
821 2989 891 3048 loca
919 2985 1087 3063 quaedam,
1121 2986 1269 3064 adquae

185 3101 250 3162 vult
271 3096 388 3158 deterri.
427 3094 503 3154 Tum
519 3095 555 3153 in
577 3103 709 3155 mentem
729 3095 814 3155 venit
842 3092 1083 3153 infelicissimum
1111 3093 1185 3153 illud
1214 3108 1269 3152 na-

183 3205 314 3281 vigiam,
348 3199 432 3278 quod
453 3198 693 3261 Phaedramad
720 3199 798 3261 fines
818 3199 938 3260 Atticos
962 3199 1095 3275 appulit,
1129 3197 1214 3276 quod
1235 3202 1269 3257 ut

186 3321 297 3375 semen
313 3306 693 3383 malommdeprecatur.
723 3307 917 3367 Postremum
940 3304 1078 3381 deplorat
1104 3302 1268 3374 dominam,

181 3432 265 3501 quae
286 3423 415 3478 mortem
436 3414 637 3474 malitsuhire
649 3430 742 3490 quam
760 3411 909 3488 flagitium
925 3411 1125 3472 committere.
1139 3409 1268 3471 Carmen

181 3529 323 3600 ‘excepta'
348 3522 405 3579 illa·
427 3520 571 3597 quamvis
600 3527 732 3580 venusta
761 3526 863 3580 tamen
892 3519 1030 3595 longiore
1062 3517 1269 3593 descriptione

181 3646 225 3691 ‘oc
246 3627 403 3707 praesenti
427 3627 518 3685 animi
535 3625 729 3702 trepidationi
744 3627 845 3686 minus
862 3625 1062 3687 conveniente
1076 3622 1179 3697 judico
1196 3635 1269 3680 esse

181 3734 390 3813 aptissimum.
410 3731 564 3793 <Versibus
585 3729 655 3795 ete.
672 3729 742 3794 861.
759 3748 829 3809 sqq.
852 3735 1016 3807 praeparat
1038 3733 1156 3788 mentes
1177 3740 1268 3801 spec-

181 3842 316 3902 tantium
329 3854 331 3859 ’
345 3838 387 3898 ad·
405 3837 617 3898 ‘calamitatem
644 3839 731 3900 brevi
757 3837 926 3898 venturam.
949 3853 978 3895 v.
1001 3831 1082 3896 1257
1103 3848 1171 3908 sqq.
1214 3830 1268 3892 Er-

182 3954 255 4002 rare
278 3941 351 4002 mihi
374 3943 496 4004 videtur
515 3943 738 4006 Valckenarius
765 3943 826 4004 hoc
849 3942 983 4004 camnine
1004 3955 1100 4017 posse
1123 3954 1268 4014 superse-

135 4100 138 4107 .
188 4047 252 4108 deri
271 4047 422 4123 jndicens.
456 4049 620 4127 ¹Equidem
636 4051 729 4111 nolim
752 4064 981 4127 cureraquum
1002 4045 1034 4106 id
1056 4045 1215 4116 contineat,
1238 4042 1266 4101 itt

177 4149 367 4231 quototius
388 4152 510 4218 tabulae
532 4157 623 4236 quasi
646 4156 738 4218 cardo
760 4161 919 4226 versatur,
940 4154 1107 4230 potentiam
1129 4150 1267 4220 Veneris,
