2924 4920
1240 375 1266 453 3

193 595 248 658 hoc
291 592 435 672 equidem
479 608 538 651 non
583 606 734 666 possum,
788 587 862 664 quln
915 599 1035 645 summo
1079 580 1106 639 ei
1148 579 1268 638 veriam

193 705 279 776 vitio;
316 716 388 760 narn
418 716 487 758 eum
520 697 593 756 artis
623 694 770 769 imagine,
808 707 900 768 quam
930 705 987 764 ego
1016 692 1116 747 mente
1144 684 1269 746 infixam

189 818 291 880 teneo,
323 805 500 881 neutiquam
528 801 665 862 concinit.
715 798 788 858 Mihi
818 798 897 857 enim
924 795 1045 854 videtur
1071 808 1165 852 verae
1193 790 1268 852 arsis

189 928 268 988 esse,
290 919 422 974 mentem
445 927 464 968 a
484 909 578 969 rebus
602 907 825 983 praesentibus,
847 903 961 979 quilius
984 898 1129 977 implicita
1151 902 1199 958 est
1221 901 1269 956 at-

189 1028 251 1098 que
270 1020 400 1088 turbata,
424 1029 557 1075 avocare
579 1020 609 1073 et
630 1012 660 1071 in
682 1008 916 1087 locaquaedam
929 1008 981 1078 iis,
1003 1007 1034 1066 in
1056 1005 1168 1082 quibus
1190 1018 1270 1080 quo·

188 1126 261 1186 tidie
282 1137 455 1193 versamur,
484 1120 667 1197 perfectiora
688 1115 956 1193 tranquillumque
977 1111 1100 1181 efferre,
1129 1115 1162 1169 ut
1184 1106 1270 1170 obliti

190 1246 255 1307 qua
276 1228 474 1291 cohibeamur
496 1225 646 1301 angustia
669 1239 732 1299 qua
742 1237 915 1299 premamur
927 1219 1041 1294 inopia,
1062 1218 1158 1279 libera
1168 1219 1270 1276 mente

191 1335 363 1394 intueamur
384 1335 534 1410 imagines
555 1346 656 1390 rerum
679 1327 956 1404 splendidissimae,
978 1324 1070 1386 rebus
1084 1325 1163 1400 ipsis
1178 1325 1271 1397 longe

189 1442 435 1518 praestantiores.
471 1439 567 1511 Quam
588 1435 728 1496 studi0se
750 1438 851 1492 autem
873 1430 1035 1507 Euripides
1057 1430 1088 1490 id
1110 1430 1149 1490 sit
1170 1435 1272 1489 secta·

188 1554 246 1619 tus,
277 1554 312 1607 ut
343 1545 456 1606 fabulis
485 1543 670 1603 immisceret
699 1540 738 1599 ad
758 1537 979 1614 rempublicam
1000 1536 1158 1613 vitamque
1179 1531 1274 1611 perti·

187 1653 308 1724 nentia,
331 1650 369 1710 de
392 1666 430 1710 ea
452 1664 484 1709 re
521 1648 555 1707 cf.
577 1647 768 1721 Hartungum
790 1645 893 1705 multis
915 1645 1006 1705 locis:
1035 1642 1104 1702 Eur.
1126 1641 1220 1701 restit.
1239 1639 1274 1708 1,

186 1755 240 1830 23,
261 1754 304 1819 37
327 1763 397 1827 etc,
419 1752 550 1829 Pfluglrii
571 1753 665 1829 praef.
687 1750 734 1811 ed.
758 1767 782 1810 s.
806 1767 874 1827 pag.
897 1747 1004 1810 XXXI.
1025 1750 1131 1824 Raspe
1149 1746 1271 1819 Quaest.

188 1855 283 1940 Soph.
296 1863 375 1922 Part.
389 1861 419 1932 I.,
429 1877 457 1937 p.
471 1853 604 1918 XXVIII.
646 1854 762 1916 Eadem
777 1859 913 1918 astralia
934 1856 1111 1918 comoedIae
1127 1853 1272 1913 Graecae.

187 1968 412 2046 Aristophanes
441 1965 522 2025 enim
551 1963 609 2022 elsi
639 1963 751 2022 labenti
781 1963 968 2040 reIpublIcae
996 1979 1117 2023 summu
1148 1965 1274 2020 conten·

189 2075 271 2133 tione
292 2074 435 2134 obnitifur
456 2076 625 2147 partesque
648 2067 761 2129 civium
784 2069 1026 2128 turbulentorum
1048 2067 1195 2128 acerrime
1217 2079 1273 2140 per
1360 2132 1366 2157 Β

195 2188 300 2235 omnes
318 2179 451 2251 'castIgat
471 2177 601 2245 fabulas,
624 2181 730 2234 tamen
752 2174 794 2234 ita
815 2191 873 2234 nos
895 2175 1006 2250 abripit
1025 2192 1043 2235 a
1065 2169 1275 2250 praesentIum

194 2293 293 2340 rerum
314 2280 446 2353 miseria,
465 2288 499 2343 ut
519 2279 613 2343 modo
637 2280 667 2338 in
685 2280 811 2340 nubium
823 2278 977 2339 vieInitate
992 2294 1158 2348 versemur,
1179 2274 1272 2335 modo

192 2383 417 2447 descendamus
444 2387 484 2448 ad
510 2387 632 2448 inferos.
676 2384 843 2445 Menander
864 2401 956 2455 vero,
990 2384 1133 2460 priuceps
1155 2382 1204 2441 ille
1224 2395 1275 2440 re-

191 2491 333 2552 centioris
355 2493 546 2564 comoediae,
576 2509 671 2568 quem
693 2490 867 2552 odofredus
890 2489 1054 2551 Muellams
1076 2490 1106 2550 in
1128 2488 1199 2550 hist.
1220 2488 1277 2549 litt.

195 2593 298 2653 Graec.
320 2597 354 2667 11,
374 2594 437 2658 280
457 2605 520 2657 tam
543 2596 674 2658 similem
689 2614 761 2659 esse
775 2596 929 2674 Euripidis
945 2595 1072 2671 judicat,
1094 2599 1128 2654 ut
1141 2590 1276 2651 maxime

192 2698 231 2758 sit
259 2700 444 2773 cavendum,
472 2720 511 2762 ne
540 2702 665 2764 alterius
693 2705 865 2779 fragmenta
885 2702 1056 2762 confundas
1077 2716 1147 2761 cum
1170 2698 1277 2766 altero,

191 2811 255 2865 arte
268 2804 362 2864 vitam
378 2821 454 2865 suae
467 2807 578 2868 aetatis
593 2809 744 2884 privatam
758 2809 941 2871 imitabatur.
964 2807 1031 2867 Janr
1046 2822 1119 2867 vero
1135 2801 1276 2881 philoso-

191 2908 321 2986 phorum
342 2911 478 2972 Platonis
500 2919 531 2972 ct
552 2913 726 2974 ArIstoteIIs
748 2930 848 2974 nonne
870 2915 979 2974 eadem
1001 2921 1050 2975 est
1069 2911 1170 2973 ratio?
1193 2909 1275 2982 Quo-

189 3030 258 3070 rum
279 3030 360 3087 quas
378 3017 457 3073 alter
476 3017 610 3076 intuetur
629 3034 731 3076 rerum
751 3019 882 3089 formas,
910 3019 1008 3080 omnis
1029 3035 1131 3081 rernm
1151 3012 1275 3076 ulcissi·

192 3113 306 3175 tudinis
328 3123 480 3192 expertes,
509 3118 582 3177 dum
606 3126 710 3179 cetera
728 3128 897 3185 nascuntur
917 3127 947 3183 ει
968 3125 1117 3195 occidunt,
1145 3137 1200 3182 eas
1221 3118 1275 3181 hic

192 3219 366 3280 adferrem
387 3221 479 3298 quasi
500 3226 660 3286 revocavit
680 3227 822 3305 Ipsisque
842 3229 872 3288 in
894 3229 988 3291 rebus
1007 3228 1274 3291 haereredcmon·

190 3325 306 3385 stravit.
350 3327 444 3388 Porro
469 3344 562 3404 quam
591 3331 641 3391 ille
670 3333 825 3410 expressit
851 3336 1040 3412 reipublicae
1068 3338 1185 3411 imago,
1215 3330 1274 3395 etsi

188 3433 333 3493 nonnulla
365 3448 442 3494 sane
475 3448 516 3493 ex
537 3434 732 3496 Graecorum
745 3439 941 3514 maximeque
962 3439 1273 3502 Lacedaemoni0rum

188 3538 332 3599 institutis
356 3538 452 3615 petita
472 3540 615 3613 eontinet,
637 3548 738 3602 tamen
761 3559 800 3602 aa
821 3545 957 3619 profecto
980 3551 1035 3617 esf,
1057 3563 1149 3623 quam
1171 3549 1274 3605 mente

188 3643 247 3704 sibi
276 3645 515 3706 conformaverit
542 3645 763 3725 philosophus,
791 3666 853 3710 non
881 3666 921 3710 ex
946 3666 1047 3712 rerum
1075 3649 1273 3714 similitudine

187 3747 315 3810 duxerlt.
349 3749 408 3810 Hie
427 3756 532 3811 autem
553 3768 634 3829 quae
656 3756 800 3828 cognovit
821 3762 856 3816 ut
878 3755 918 3815 ad
942 3773 988 3828 ea,
1012 3774 1093 3834 quaa
1115 3758 1173 3819 sub
1196 3767 1273 3817 ocu·

188 3853 235 3915 los
259 3855 387 3927 cadunt,
415 3857 541 3929 referat,
571 3858 642 3935 quis
664 3875 725 3919 non
747 3859 846 3920 videt!
874 3861 959 3923 Haec
981 3869 1030 3923 est
1050 3863 1140 3940 Igitur
1162 3860 1272 3922 Graeci

190 3957 300 4032 ingenii
321 3964 496 4034 conversio,
518 3970 552 4022 ut
574 3963 665 4024 defixi
687 3965 717 4024 in
740 3967 1013 4043 praestantissimis
1042 3984 1143 4028 rerum
1163 3966 1271 4029 formis

190 4063 346 4136 paullatim
367 4068 478 4128 adres
501 4068 588 4144 ipsas
610 4069 820 4144 intelligendas
843 4073 1122 4150 exprimendasque
1144 4089 1181 4133 se
1196 4087 1271 4132 aon·

188 4166 294 4227 ferant.
337 4170 447 4248 Magna
479 4180 527 4234 est
556 4181 716 4250 praeterea
741 4174 894 4251 Euripidis
922 4194 991 4237 cum
1021 4186 1085 4240 arte
1113 4175 1273 4248 statuaria

188 4272 290 4348 qualis
319 4274 410 4335 fuerit'
435 4279 600 4340 Alexandri
627 4286 740 4351 aelate,
773 4281 956 4357 sImilitud03
995 4285 1077 4345 velut
1092 4282 1190 4355 -quod
1215 4280 1275 4353 itta

1020 4393 1056 4458 1.
