2894 4928
1210 328 1258 407 33

181 553 240 600 nas
250 537 533 615 prolectammfuta
546 531 658 592 Thesei
675 529 969 606 Atheniensiumque
980 527 1168 589 humanitate
1180 543 1262 605 quae

182 650 349 721 negaverat·
369 639 585 700 Thebanorum
607 636 752 697 atrocitas
773 634 1078 699 cadaveruliliorurn
1100 647 1262 696 caesorum

182 755 319 828 peterent
340 745 525 824 sepelienda.
564 743 641 804 Nam
663 742 721 804 etsi
742 742 911 804 Adrastum
930 741 980 802 his
1002 740 1140 816 adjunxit
1161 747 1262 816 poeta,

181 857 233 934 qui
256 871 311 933 pro
332 854 370 914 iis
383 852 483 930 quasi
504 866 631 912 eausam
651 857 764 926 ageret
785 849 961 911 scilicetne
983 846 1068 909 chori
1091 854 1194 923 parles
1216 846 1273 928 nis

180 957 433 1031 miumeffcrren
461 966 562 1018 tamen
583 963 713 1016 matrum
736 970 833 1016 causa
861 962 960 1016 utrum
986 952 1150 1014 aTlreseo
1166 969 1263 1035 repu-

182 1069 281 1129 dietur
304 1083 341 1125 an
365 1063 558 1135 defendatur,
585 1062 688 1122 nititur
714 1061 836 1120 fabulae
859 1067 1019 1121 structura.
1063 1058 1153 1133 Quod
1172 1057 1263 1132 igitur

183 1175 213 1234 in
234 1173 403 1234 tabularum
433 1168 539 1231 ordine
567 1174 638 1243 post
659 1166 839 1227 Heraclidas
868 1166 1049 1240 scriptarum
1077 1165 1263 1239 saepissime

185 1280 371 1349 invenimus,
393 1275 522 1336 chorum
550 1289 640 1334 suam
670 1288 796 1348 quoque
823 1271 938 1332 habere
970 1286 1112 1341 cainam,
1145 1267 1175 1328 id
1201 1266 1262 1328 hac

185 1386 287 1446 sabula
307 1385 349 1444 ite
370 1381 513 1443 videmus
535 1379 723 1452 institutum,
751 1384 905 1453 ut-paenc
928 1375 1040 1436 actoris
1063 1382 1167 1452 partes
1191 1390 1261 1435 sus-

183 1491 275 1567 cipiat
296 1488 419 1550 chorus.
797 1497 800 1505 ·

183 1627 186 1635 ,
265 1592 386 1652 Relicta
405 1590 484 1649 euim
507 1607 535 1648 v.
556 1586 619 1650 235
640 1588 808 1661 orchestra,
836 1588 888 1664 qui
911 1594 958 1648 est
980 1587 1066 1648 loeus
1088 1601 1182 1664 quum
1203 1600 1263 1649 usu

184 1707 214 1758 el
237 1695 458 1758 consuetudine
480 1695 575 1757 choro
599 1695 726 1759 tributas
749 1703 812 1756 turn
836 1693 903 1769 ejus
926 1700 1052 1754 naturae
1075 1694 1263 1770 aptissimus,

186 1804 216 1863 in
238 1801 388 1878 pulpitum
409 1800 556 1870 escendlt,
579 1817 660 1877 quae
682 1808 734 1862 est·
752 1807 891 1861 actorum
911 1800 1009 1861 statio.
1053 1801 1111 1860 Vel
1126 1799 1187 1861 hoc
1208 1798 1263 1860 de·

182 1911 317 1970 claretur
339 1906 484 1967 deserere
504 1922 574 1965 curn
592 1905 678 1967 chori
696 1904 808 1977 officia,
832 1906 963 1982 qualern
975 1904 1125 1966 effinxerit
1140 1902 1264 1980 Sopho·

183 2015 246 2075 cles
275 2014 460 2089 qualemque
488 2010 695 2088 effingendam
724 2026 797 2073 esse
828 2017 1008 2074 statuentes.
1057 2009 1094 2073 Et
1113 2008 1196 2068 huno
1217 2010 1263 2069 lo-

187 2135 256 2177 ourn
285 2116 414 2176 arbitror
435 2117 642 2192 aptissimum,
676 2132 738 2194 quo
761 2117 835 2194 quid
854 2116 1036 2178 Aristoteles
1065 2115 1104 2174 de
1126 2115 1211 2177 chori
1231 2116 1264 2173 vi

187 2227 356 2283 acznatura
376 2205 507 2283 senserit
534 2228 627 2300 atque
648 2220 793 2296 judicarit
811 2238 973 2298 exponam.
1015 2223 1117 2296 Atque
1138 2219 1263 2290 notissi-

185 2343 255 2388 mus
276 2334 325 2404 est
348 2327 379 2387 in
399 2327 477 2388 libro
497 2326 536 2389 de
556 2329 630 2388 Arte
644 2326 773 2392 Poetioa?
788 2331 878 2390 locus
901 2345 925 2388 c.
941 2323 988 2389 18.
1010 2327 1067 2388 καὶ
1082 2320 1148 2388 cdv
1161 2319 1263 2411 χορὰος
1376 2401 1378 2408 Ι

183 2431 221 2495 δὲ
247 2427 310 2495 ἕνα
339 2430 393 2496 δεῖ
411 2423 609 2513 ὑπολαβεῖν.
629 2431 698 2498 τῶν
717 2425 924 2516 ὑποκριτῶν,
952 2433 1009 2497 καὶ
1034 2429 1152 2515 μόριον
1172 2426 1263 2497 εἶναι

182 2536 239 2601 coi
249 2547 251 2553 '
264 2531 361 2615 ὅλου,
391 2537 769 2620 καὶοοναγιονίζεσθαι
790 2536 834 2623 μὴ
857 2534 973 2622 ὥσπερ
995 2531 1075 2622 παρ’
1097 2529 1263 2625 Εὐριπίδῃ

183 2633 256 2704 uilt’
284 2636 399 2724 ὥσπερ
429 2641 524 2726 παρὰ
546 2644 717 2730 Σοφοκλεῖ
723 2691 735 2722 ,
761 2664 858 2724 quem
885 2647 1099 2722 interpretatur
1118 2644 1263 2707 Horatius

181 2750 218 2809 Α.
244 2749 276 2810 Ρ.
306 2746 367 2812 193
399 2766 462 2826 sq..
492 2751 522 2811 in
549 2768 616 2828 quo
645 2753 705 2814 nisi
733 2753 783 2813 alii
810 2750 871 2813 loci
899 2758 1016 2823 essent,
1046 2769 1176 2828 quorum
1203 2766 1264 2828 ope

181 2870 250 2916 eum
272 2868 441 2930 possemus
463 2856 661 2934 interpretari
683 2857 772 2920 facile
790 2874 976 2935 possumus,
998 2857 1029 2918 id
1051 2858 1135 2934 quod
1155 2873 1265 2923 revera

181 2959 271 3021 uideo
294 2977 367 3023 esse
387 2961 516 3034 iactum,
539 2971 664 3026 arecto
687 2979 782 3025 sensu
804 2965 956 3024 aberrare.
998 2963 1054 3025 Est
1075 2964 1157 3030 eninr
1175 2965 1263 3024 locus

183 3062 213 3122 in
240 3062 341 3125 Probl.
359 3066 417 3138 :VI‚
440 3064 504 3130 19:
541 3061 616 3130 ἔστι
641 3063 704 3149 γὰρ
733 3060 751 3130 ὃ
774 3065 872 3154 χορὸς
899 3067 1055 3151 κοδουτὴς
1075 3063 1263 3154 liniamus:

182 3157 321 3233 οἰὶνοιαο
334 3166 407 3253 Ιγὰρ
426 3167 534 3253 μόνον
553 3171 738 3256 παρέχεται
756 3169 807 3250 οἷς
829 3171 986 3258 πάρεστι,
1009 3175 1097 3251 cujus
1114 3175 1263 3239 loeisen-

181 3274 289 3348 tantia,
310 3275 361 3340 sl·
385 3285 467 3338 reete
498 3278 647 3356 intelligo,
680 3279 758 3343 haec
787 3290 848 3356 est,
879 3291 913 3345 ut
938 3283 1052 3345 chorus
1066 3296 1173 3358 ‚neque
1195 3280 1263 3356 ipse

182 3387 253 3457 egat
280 3379 352 3445 oed-
367 3385 520 3458 agentium
548 3387 639 3463 quasi
660 3403 766 3448 comes
789 3389 831 3448 sit
857 3405 969 3464 neque·
986 3405 1062 3449 suas
1082 3403 1134 3447 res
1156 3402 1263 3447 curare

183 3484 301 3560 debeat
322 3487 385 3549 sed·
401 3505 509 3552 eorum
531 3491 584 3567 qui
601 3498 701 3567 agant.
744 3491 799 3553 His
827 3498 924 3551 totum
946 3503 982 3551 se
1005 3490 1124 3567 tradere
1144 3507 1263 3568 eosque

181 3588 395 3659 benevolentia
426 3588 559 3684 (εὐνοίᾳ
582 3615 655 3675 pars
677 3615 734 3674 pro
763 3598 847 3673 tolo)
870 3597 1017 3674 prosequi
1040 3598 1057 3657 i.
1076 3615 1106 3658 e.
1125 3596 1262 3684 *afflictos

181 3699 334 3760 consolari
367 3709 458 3780 atque
488 3705 621 3779 erigere,
651 3705 682 3763 in
710 3706 901 3780 peccandum
932 3718 1119 3780 propensos
1138 3722 1262 3770 monere

179 3813 272 3884 atque
295 3809 462 3884 corrigere.
476 3815 506 3869 et
534 3824 616 3885 quae
643 3817 714 3872 sunt
737 3810 862 3879 similia,
891 3806 951 3870 hoc
973 3825 1045 3870 esse
1067 3810 1172 3877 chori„
1193 3813 1263 3872 Ari-

180 3913 307 3974 stoteles
344 3911 419 3973 mihi
451 3912 573 3976 videtur
598 3923 686 3977 :recte
717 3914 886 3990 judicasse.
930 3913 1015 3988 Quae
1049 3917 1164 3991 optime
1193 3935 1262 3981 cum

183 4005 348 4082 Sophoclis
366 4022 441 4078 arte·
457 4028 626 4093 congruere
642 4029 723 4084 certe
740 4022 822 4093 scio‚=
836 4022 865 4082 in
880 4019 1035 4097 Euriptdis
1051 4021 1171 4089 fabulas
1189 4042 1262 4086 nurn

182 4108 262 4171 haec
283 4113 418 4198 cadauer
431 4121 476 4185 ,ad
499 4138 623 4196 eumn,
660 4130 712 4205 qui
740 4128 819 4190 llaec
848 4127 961 4203 legent,
989 4143 1128 4202 provoco
1146 4128 1262 4203 judicia

182 4215 237 4280 llis
261 4216 415 4292 expositis
431 4227 490 4303 piu
507 4230 672 4307 estquod
691 4233 813 4312 singula
833 4239 1046 4310 pertractem..=
1060 4233 1159 4297 'Suam
1182 4237 1261 4314 enirn

1030 4347 1051 4412 3
